2244 3848
422 140 475 187 tes
495 138 701 194 osnnmmns
983 129 1039 186 :ill

76 272 222 350 gordiam
241 274 548 352 pertimescendam.
565 278 726 357 ,Senatum
742 278 946 356 frequentem
963 281 969 312 ¹
992 296 1041 338 oo·

77 363 198 431 loriter,
228 368 266 423 ut
292 363 432 438 vidistis,
456 367 557 443 coegi.
585 369 613 426 8.
641 368 745 445 Atque
767 369 889 429 interea
917 369 1039 439 statim,

76 451 248 513 admonitu
260 454 484 532 Allobrogum,
502 456 534 516 C.
553 457 745 535 Sulpicium,
771 463 956 536 praetorem,
980 458 1043 517 ior-

78 547 144 603 tem
168 544 287 617 virum,
325 545 402 605 misi
427 546 483 622 qui
515 564 554 606 ex
583 547 707 607 :edibus
733 549 875 624 Cethegi,
903 550 929 607 si
964 547 1042 626 quid

79 633 220 694 telorum
236 639 334 705 esset,
352 635 493 708 efferret,
512 637 687 714 exquibus
715 639 768 697 ille
795 639 975 698 niaximum
1001 637 1043 696 si-

78 740 190 784 carum
206 740 380 784 numerum
396 729 427 786 et
441 726 627 802 gladiorum
644 727 775 789 extulit.

116 840 168 901 lv.
186 840 353 901 lutrodnxi
366 842 570 904 Volturcium
587 843 657 905 sine
672 844 788 917 Gallis3
806 844 905 904 iidem
930 845 958 903 ei
982 861 1042 921 pu-

79 930 198 991 blicam
210 932 309 1008 J'ussu
332 937 463 992 senatus
488 932 577 1006 dedi;
595 933 742 995 hortatus
759 952 845 1008 sum,
862 938 898 993 ut
913 952 950 993 oa
970 952 1041 1010 quae

78 1019 188 1095 sciret,
206 1021 277 1082 sine
292 1022 409 1082 timore
423 1021 590 1083 indiceret.
606 1026 687 1082 Tum
704 1024 864 1098 illedixit,
888 1042 964 1084 cum
988 1023 1042 1081 vix

53 1184 58 1195 ,
78 1127 113 1169 se
127 1127 167 1169 ex
178 1129 297 1188 inagno
308 1111 425 1171 timore
441 1117 630 1173 recreasset.
647 1130 665 1172 a
679 1115 711 1172 P.
729 1115 863 1173 Lentulo
878 1131 911 1172 se
923 1114 1041 1172 habere

78 1200 117 1263 ad
135 1200 307 1261 Catilinam
332 1201 482 1261 triundata
507 1206 537 1261 et
559 1202 694 1275 litterae,
711 1206 747 1262 ut
769 1220 938 1262 sorvorum
961 1220 1042 1280 prie-

79 1289 162 1349 sidio
178 1294 336 1367 uteretur,
352 1296 388 1350 ut
401 1291 441 1350 ad
454 1293 569 1351 urbem
585 1309 684 1368 quain
702 1292 846 1369 primum
863 1310 937 1351 oum
956 1308 1042 1349 exer-

79 1379 146 1438 eitu
162 1379 346 1455 accederet3
364 1381 394 1440 id
414 1386 521 1442 autem
537 1399 575 1440 eo
592 1382 740 1447 consilio,
765 1386 811 1450 ut,
830 1399 904 1441 oum
927 1382 1042 1439 urbem

79 1486 119 1529 ex
136 1470 292 1529 omnibus
312 1471 469 1547 partibuS,
496 1488 594 1547 quem
619 1471 658 1530 ad
683 1470 817 1530 modum
843 1471 1043 1547 descriptum

79 1558 378 1637 distributumque²
408 1566 486 1634 erat,
514 1561 746 1633 incendissent,
774 1561 961 1637 cardoinque
993 1560 1043 1618 in·

79 1648 204 1708 linitam
222 1650 344 1710 civium
366 1650 532 1717 iecissent,
550 1655 667 1729 praeto
684 1654 772 1711 osset
788 1650 853 1723 ille,
876 1651 931 1728 qui
952 1649 1044 1709 etsu-

79 1738 205 1814 gientos
218 1739 392 1817 exciperet,
408 1745 488 1800 etse
505 1759 581 1800 cum
596 1741 647 1800 his
661 1741 798 1801 urbanis
812 1740 950 1802 ducibus
967 1757 1042 1800 oon·

77 1827 241 1906 jungeret.

118 1937 469 2003 o.1ntr0duetiautem
490 1938 568 2000 Galli
583 1938 828 2017 jusjurandum
854 1939 915 1998 sibi
939 1942 969 1996 ot
993 1937 1043 1996 lit-

80 2030 165 2087 teras
187 2028 228 2097 ab
249 2028 396 2103 Lentule,
412 2029 563 2108 Cethego,
583 2029 710 2089 Statilio
732 2029 771 2088 ad
800 2046 891 2087 suam
914 2033 1044 2103 gentem

80 2117 153 2176 data
168 2133 242 2177 esse
255 2117 415 2192 dixerunt,
432 2122 529 2195 atque
546 2120 589 2178 ita
605 2119 666 2178 sibi
683 2120 722 2178 ab
736 2118 789 2176 his
807 2122 837 2176 et
855 2135 872 2176 a
887 2119 918 2175 h.
933 2114 1044 2174 Cassio

80 2223 152 2267 esse
168 2207 406 2285 prescriptum,
423 2212 460 2267 ut
473 2209 652 2285 equitatum
670 2209 703 2265 in
719 2206 844 2265 ltaliam
861 2221 959 2283 quam
980 2203 1045 2281 pri-

80 2314 173 2357 mum
190 2297 367 2371 mitterent,
384 2299 551 2374 pedestres
568 2297 631 2356 sibi
649 2297 762 2374 copias
783 2314 848 2355 non
864 2295 1031 2354 defuturas

81 2386 256 2447 Lentulum
270 2391 379 2467 autem
404 2388 465 2446 sibi
485 2391 696 2448 confirmasse
722 2404 760 2445 ox
781 2385 853 2445 fatis
879 2383 1045 2461 Sibyllinis

80 2476 357 2555 haruspicumque
387 2475 587 2556 responsis⁸,
617 2493 651 2536 se
677 2493 748 2536 esse
781 2476 913 2535 tertium
951 2474 1045 2533 illum

81 2566 281 2641 Cornelium,
294 2566 333 2626 ad
349 2584 446 2644 quem
462 2565 622 2644 regnum*
638 2565 736 2643 hujus
750 2565 841 2625 urbis
866 2570 961 2641 atquo
984 2561 1048 2621 im·

80 2656 211 2735 perium
226 2656 394 2733 pervenire
416 2661 502 2717 esset
525 2673 659 2719 necesso
676 2673 682 2714 :
701 2655 837 2715 Cinnam
860 2657 933 2712 anto
958 2669 992 2711 se
1016 2653 1048 2711 et

79 2745 224 2807 Sullam⁵
247 2745 359 2807 inisse.
382 2747 603 2824 Eumdomque
629 2745 766 2818 dixisse,
793 2745 924 2805 fatalem
950 2743 1043 2802 hunc

78 2851 205 2907 annun]
225 2853 295 2897 esse
318 2835 357 2899 sd
381 2837 548 2897 interitum
562 2837 661 2917 hujus
677 2835 767 2897 urbis
784 2840 879 2913 atque
898 2831 1042 2909 imperii,

103 3004 124 3049 1.
144 3002 252 3044 Senatum
268 3004 416 3100 [reparatrici.
436 3005 492 3047 t'oir
506 3006 529 3047 ta
582 3002 617 3055 aa.)
630 3002 722 3057 d'aprds
735 3003 758 3044 la
767 3001 850 3043 ioudre
861 3001 884 3042 et
895 3000 929 3043 les
946 2998 1044 3041 entrail-

77 3061 133 3101 note
144 3055 157 3098 3
167 3057 195 3099 do
208 3059 232 3099 ta
243 3067 265 3109 p.
276 3055 303 3100 28
322 3088 327 3098 .
584 3058 617 3099 tes
628 3057 669 3098 des
679 3057 799 3098 vietimos.
819 3055 875 3096 Veh·
888 3065 911 3108 p.
930 3052 967 3095 52.

104 3110 118 3154 i
142 3110 321 3164 biterriphande
333 3111 425 3164 plaude
438 3112 530 3155 l'ontro-
611 3109 630 3150 t.
645 3111 752 3161 lophem.
769 3109 827 3150 t'oir
838 3108 862 3149 la
886 3109 941 3149 note
957 3105 1009 3149 ilde
1021 3105 1045 3147 la

76 3166 142 3220 prise
152 3165 295 3215 oriminelle)
305 3164 487 3218 dietrilmmmqee
497 3166 531 3219 da
585 3176 609 3217 p.
624 3163 673 3206 tas.

77 3219 234 3262 distribution
245 3218 287 3261 des
297 3219 377 3268 noles).
612 3217 632 3260 5.
654 3217 749 3257 silom.
762 3218 789 3258 h.
806 3214 931 3259 Cornelius
943 3213 1010 3257 Sulla
1020 3216 1044 3257 et

104 3275 128 3315 3.
142 3271 208 3313 Fatis
224 3272 340 3324 Sibyllinis
351 3276 414 3325 (note
432 3271 445 3313 6
459 3272 487 3315 de
507 3274 531 3315 la
588 3274 612 3315 h.
624 3270 749 3313 Cornelius
758 3270 889 3323 Cinnaqui
900 3269 996 3311 avaient
1007 3264 1043 3310 dtr

86 3337 140 3382 iuge
149 3323 199 3379 siit)
215 3325 397 3379 lterimpieamque
410 3328 530 3378 responsis.
588 3323 848 3377 lestrinitrem-epasmo
863 3325 945 3371 lloiud,
954 3319 1042 3365 itatem

78 3339 126 3424 les
136 3381 287 3433 haruspices,
301 3381 385 3423 devias
400 3379 529 3429 d'lttrurie,
589 3380 630 3423 dos
640 3380 862 3421 Corneliusoomme
874 3378 902 3420 Ι).
918 3377 1044 3420 Cornelius

78 3434 214 3479 donnaient
225 3434 266 3477 des
280 3433 424 3488 predictions
439 3436 535 3486 triopae·
589 3433 708 3477 Lentulus
723 3433 796 3476 Sina.
