2250 3818
280 232 333 277 ms
356 238 371 269 «
396 231 564 275 oasuomss
587 230 657 274 ross
678 228 812 275 nnorruu
836 237 851 267 »
987 216 1046 273 :379

76 366 258 441 voluisses,
280 367 365 427 baud
390 366 459 427 soio
483 383 524 425 an
544 366 652 426 vivere
677 365 783 436 nobiS,
810 369 905 443 atquo
930 365 982 426 his
1008 366 1046 427 de

77 457 182 517 rebus
197 456 267 533 jam
283 457 375 533 queri
394 474 461 517 non
476 456 597 517 lioeret.
621 455 674 514 l'is
691 455 778 515 enim
798 453 1046 516 innumerabilis

79 546 217 606 incitata
237 563 276 606 ex
294 546 446 605 omnibus
466 545 546 604 vicis
570 545 706 604 oolleota
730 562 899 604 servorum
922 546 960 605 ab
984 546 1047 606 hoo

79 634 177 695 aedile
191 633 354 712 religioso,
370 638 503 711 repento
517 633 696 693 fornicibus
710 634 866 710 ostiisque
879 636 1044 710 omnibus,

80 726 282 799 insomnem,
298 723 391 800 signo
407 723 492 797 dato,
505 724 655 782 immissa
665 723 789 801 irrupit.
805 725 871 781 Tua
882 727 962 797 tum,
977 728 1042 797 tua,

80 812 136 873 Cn.
152 812 298 883 Lentule,
316 812 430 872 eadem
445 808 547 871 ¹uirtus
566 812 637 883 luit,
656 830 726 888 quae
743 812 776 871 in
794 812 919 888 privato
941 830 1044 889 quon-

79 900 156 961 dam
164 904 222 961 tuo
233 918 353 981 proavo
363 919 370 975 ;
380 905 422 973 te,
433 918 566 973 nomen,
581 901 765 979 imperium,
775 918 901 973 vooem,
913 902 1044 979 adspec-

79 993 162 1064 tum,
178 990 338 1068 impetum
354 993 448 1049 tuum
462 994 550 1050 stans
562 995 693 1050 senatus
705 991 894 1068 equitesque
906 980 1044 1053 Romani

80 1084 112 1141 et
127 1096 244 1140 omues
260 1080 336 1139 boni
353 1080 581 1158 sequebantur,
606 1097 681 1140 oum
707 1080 760 1140 ille
779 1098 947 1140 servorum
975 1083 1044 1140 elu-

80 1169 231 1229 dentium
246 1169 448 1229 multitudini
465 1174 613 1230 senatum
630 1171 850 1247 populumque
862 1172 1044 1230 Romanum

46 1272 51 1279 ·
82 1260 229 1321 vinctum
255 1260 326 1337 ipso
353 1276 523 1333 consessu,
548 1261 810 1319 eteonstrietum
839 1261 1043 1338 spectaculis,

81 1352 178 1427 atque
192 1349 384 1427 impeditum
401 1350 495 1408 turba
508 1354 539 1408 et
554 1350 713 1425 angustiis
727 1350 922 1409 tradidisset.

122 1469 174 1527 23.
192 1468 251 1535 dn,
270 1467 296 1526 si
311 1467 439 1527 ludius¹
454 1467 610 1535 eonstitit,
624 1471 678 1527 aut
689 1468 808 1526 tibicen
822 1474 951 1544 repente
968 1485 1045 1528 oon-

83 1556 185 1629 ticuit,
200 1561 257 1617 aut
271 1574 351 1634 puer
366 1557 421 1616 illo
436 1558 594 1635 patrimus
610 1562 641 1617 ot
659 1556 851 1617 matrimus²
875 1557 901 1616 si
919 1562 1044 1618 tonsam

82 1664 147 1709 non
160 1647 275 1713 tenuit,
291 1648 318 1706 si
334 1648 440 1707 lorum
456 1648 576 1715 omisit,
599 1651 664 1719 out,
691 1648 718 1706 si
743 1647 846 1707 aedilis
862 1649 972 1720 verbu,
991 1653 1045 1709 aut

84 1735 269 1815 simpuvi0⁸
288 1738 458 1807 aberravit,
475 1737 543 1797 ludi
565 1741 640 1796 sunt
664 1755 728 1797 non
754 1738 813 1797 rite
838 1738 925 1809 iacti,
943 1756 1044 1816 eaque

82 1832 184 1888 errata
198 1828 378 1911 expiantur,
397 1832 428 1887 et
441 1831 569 1887 mentes
585 1827 722 1887 deorum
738 1827 973 1889 immortalium
992 1830 1043 1888 lu-

84 1916 198 1977 dorum
215 1918 449 1977 instauratione
469 1917 654 1994 placentum
672 1918 698 1977 si
720 1917 786 1977 ludi
812 1920 851 1978 ab
876 1920 985 1982 latitia
1005 1919 1044 1978 ad

84 2012 203 2068 metum
219 2008 357 2067 traducti
375 2011 461 2079 sunt,
475 2008 503 2066 si
524 2025 588 2066 non
607 2008 794 2071 intermissi,
811 2009 867 2068 sed
886 2010 1043 2087 perempti

85 2100 176 2173 atque
191 2096 311 2156 sublati
328 2100 414 2161 sunt,
433 2097 459 2155 si
484 2096 604 2156 civitati
628 2098 788 2158 universa,
814 2099 936 2158 scelere
960 2097 1042 2173 ejus,

84 2187 133 2262 qui
146 2186 241 2245 ludos
258 2186 298 2245 ad
313 2186 438 2246 luotum
457 2186 605 2247 conferre
629 2188 742 2253 soluit.
761 2189 952 2248 exstiterunt
975 2188 1044 2247 dies

84 2272 125 2334 illi
146 2292 206 2353 pro
227 2275 320 2334 festis
343 2292 434 2352 paine
462 2275 594 2339 funesti.
620 2277 850 2345 dubitabimus,
877 2294 958 2353 quos
990 2276 1042 2335 illo

86 2361 228 2425 fremitus
244 2365 371 2424 nuntiet
384 2364 479 2423 ludos
495 2381 566 2424 esse
583 2365 744 2442 pollutos?
759 2367 807 2425 al.
826 2364 882 2435 Ao,
906 2366 933 2425 si
949 2365 1041 2425 volu-

85 2468 151 2513 mus
167 2472 301 2531 eaquae
317 2454 355 2513 de
372 2465 500 2532 quoque
516 2454 577 2514 deo
592 2457 687 2515 nobis
705 2456 821 2515 tradita
837 2461 923 2521 sunt,
936 2474 1042 2516 recor-

93 2540 167 2615 dari,
183 2543 269 2603 hano'
280 2545 416 2603 Matrem
425 2561 589 2622 magnam,
602 2544 698 2622 cujus
709 2545 776 2605 ludi
790 2546 913 2619 violati,
925 2546 1041 2623 polluti

90 2645 174 2705 prone
200 2632 240 2690 ad
265 2632 386 2691 cadom
402 2633 486 2692 etad
500 2633 598 2693 sunus
617 2632 778 2694 civitatisl
800 2635 949 2694 conversi
966 2640 1041 2693 sunt.

87 2716 172 2793 bano,
188 2721 334 2798 inquam,
352 2723 550 2799 aooepimuS,
569 2740 663 2799 agros
680 2727 710 2782 et
723 2741 858 2783 nemora
873 2741 948 2783 oum
964 2741 1042 2800 quo-

89 2804 154 2869 dam
169 2811 309 2888 strepitu
326 2810 523 2887 fremituque
537 2829 719 2889 peragrare.

107 2992 126 3036 ¹.
137 2994 228 3037 Ludius.
238 2994 376 3043 {luisti-ion.
386 2996 407 3038 le
416 2997 529 3047 dauseur,
612 2997 632 3041 3.
650 2999 696 3039 Sim
707 2998 771 3038 turio.
783 3000 815 3039 lm
827 2998 956 3050 simpuvium
969 3001 1004 3040 est
1022 2999 1043 3042 le

90 3048 122 3097 tui
132 3046 207 3101 ligure
220 3048 281 3091 daus
296 3049 332 3091 les
344 3047 391 3090 lculi
401 3051 494 3103 publici.
586 3063 642 3095 vasu
655 3052 685 3095 orl
698 3012 745 3094 don
758 3055 807 3094 met
825 3052 846 3093 le
859 3053 900 3094 riu
916 3052 958 3095 des
971 3053 1043 3094 sarri-

107 3100 261 3145 terruimus
288 3108 310 3144 el
336 3105 461 3145 errabimus.
487 3105 531 3147 lies
587 3106 652 3147 lires.

91 3154 173 3198 eulanls
188 3154 247 3197 dont
268 3156 290 3198 le
305 3155 360 3210 pirre
375 3161 399 3201 et
423 3157 447 3199 la
468 3157 532 3201 ruere
614 3161 633 3202 t.
648 3159 724 3199 lv'uuus
736 3160 842 3199 edituus.
858 3158 1044 3202 li'imeutoeroi-

90 3210 249 3259 tontrirauts,
266 3209 300 3252 les
318 3211 383 3254 sauls
404 3212 444 3265 qui
468 3212 533 3254 alent
588 3212 623 3254 tle
635 3224 677 3266 par
687 3212 784 3254 Clodius
794 3212 898 3265 pendant
908 3214 929 3255 la
941 3211 1043 3255 cellulu-

92 3254 108 3299 le
122 3259 182 3305 droit
196 3261 226 3305 de
244 3263 345 3317 prendre
364 3268 416 3319 part
434 3277 480 3306 aux
497 3278 533 3307 sa-
589 3267 635 3307 tiou
663 3266 705 3306 dos
737 3265 785 3306 ludi
809 3266 953 3317 ,tlepolemus
977 3268 1043 3309 avait

91 3312 177 3358 ennon.
200 3314 235 3357 Cl.
257 3317 388 3369 Tite-lavo,
406 3320 532 3368 XXXVII,
588 3319 650 3360 lailli
663 3318 785 3361 untrainer
803 3322 865 3361 mort
879 3319 1046 3362 d'lrommeset

92 3371 119 3413 ¹¹1.
130 3365 149 3411 6.
588 3372 763 3429 ensauglanler
773 3374 801 3417 la
814 3373 884 3417 uilla.
