2244 3848
84 237 143 293 358
190 252 246 294 llas·
270 250 412 293 ulsrmrlls
433 249 634 292 etmsuttlrsds
655 249 714 293 sl'x
736 249 937 300 PlllLlPPlQl'ES

125 385 284 445 xxxi-'Ill
310 386 389 445 Cum
405 384 468 444 alia
483 385 585 444 multa
600 386 677 444 certi
693 384 876 455 homines¹,
892 388 959 445 tum
971 385 1018 444 hee

79 478 128 538 rel
157 476 296 535 inaximo
319 475 511 547 moliuntur,
536 477 573 533 ut
596 479 712 533 vestrm
743 492 875 552 quoque
901 480 1019 543 mentes,

79 570 186 626 vestra
207 564 342 641 judicia,
364 570 478 623 restra·
506 565 686 637 sententia,
709 564 834 641 optimo
857 564 969 643 cuique
986 564 1021 622 in·
1071 592 1073 639 Ξ

80 654 266 715 lestissima·
290 658 385 733 atque
411 653 649 715 inimicissimae
678 654 896 731 reperiantur.
926 652 1023 717 Gravia

76 744 210 821 judicia,
235 762 293 821 pro
311 745 356 804 rei
375 744 515 821 publicae
529 744 697 821 dignitate,
715 744 820 804 multa
839 743 879 807 de
895 744 1023 822 conjura·

79 838 187 895 torum
207 834 327 895 scelere
349 833 482 893 lecistis.
510 835 579 895 Nou
604 836 717 915 putant
747 833 827 897 satis
851 847 1024 894 conversam

80 923 346 1001 rempublicam,
369 922 432 983 nisi
464 922 497 981 in
526 921 676 983 eamdem
708 922 890 1000 impiorum
914 937 1025 1001 penam

81 1014 203 1091 optime
226 1012 361 1072 meritos
379 1012 466 1071 cives
487 1012 692 1073 (letruscrint.
724 1012 774 1082 935.
796 1012 977 1089 Oppressus
990 1013 1027 1069 cst

81 1102 113 1161 C.
134 1100 323 1161 Antonius².
350 1103 446 1160 Esto:
471 1101 583 1161 habuit
603 1101 780 1178 quamdam
801 1101 857 1161 ille
874 1100 1027 1163 infamiam

82 1208 196 1250 suam:
220 1207 326 1267 neque
349 1195 457 1250 tanton
481 1190 535 1250 ille
559 1191 628 1268 ipse
654 1189 723 1267 lpro
744 1208 818 1250 meo
843 1190 937 1267 jure³
958 1184 1028 1266 dico]

83 1280 174 1339 voltis
196 1279 362 1357 judiciltus
388 1279 560 1339 damnatus
586 1284 683 1352 esset,
710 1279 806 1357 cujus
831 1279 1025 1339 damnatione

83 1370 268 1447 sepulcrum
291 1371 322 1428 L.
348 1369 499 1439 Catilina,
523 1370 657 1428 tloribus
680 1373 843 1446 ornatum,
869 1369 1027 1428 hominum

83 1460 379 1521 audacissimorum
395 1476 431 1519 ac
448 1458 704 1519 domesticorum
720 1459 867 1519 hostium
884 1462 1027 1518 conventu

83 1550 255 1631 epulisque
276 1550 472 1609 celebratum
488 1553 548 1608 est.
562 1546 673 1609 lusta⁵
691 1549 834 1608 Catilinae
855 1549 938 1611 facta
954 1549 1026 1607 sunt.

84 1642 173 1700 Nune
184 1659 202 1701 a
213 1641 325 1709 Flacco
337 1639 571 1716 Lentulipoenre
583 1656 641 1716 per
654 1642 926 1716 vosexpetuutur.
940 1637 1026 1709 Quam

84 1731 219 1806 potestis
240 1731 272 1789 P.
293 1730 439 1803 Lentulo,
457 1728 512 1807 qui
534 1745 591 1787 vos
609 1728 644 1790 in
664 1728 839 1805 complexu
864 1728 1025 1793 liberorum

84 1819 325 1897 conjugumque
341 1823 521 1878 vestrarum
543 1817 732 1890 trucidatoS,
755 1816 909 1877 incendic
935 1814 1026 1893 patria

84 1908 221 1985 sepelire
250 1913 384 1968 conatus
410 1913 470 1982 est,
497 1911 638 1967 mactare
662 1907 828 1967 victimam
854 1907 1024 1987 gratiorem,

84 2015 181 2076 quarn
202 1999 228 2057 si
251 1999 284 2057 L.
316 1999 419 2059 Flacci
446 1998 602 2075 sanguine
623 1997 709 2056 illius
735 1997 901 2058 nefarium
927 1996 958 2055 in
981 2007 1027 2055 nos

85 2105 198 2147 omnes
214 2087 326 2149 odium
342 2086 582 2149 saturaveritis‘l
597 2088 646 2147 96.
665 2087 828 2147 Litemus⁵
854 2087 952 2164 igitur
965 2086 1027 2145 Len·

83 2177 162 2248 tulo,
178 2182 385 2254 pareutcmus
401 2177 551 2252 Cethego,
569 2193 761 2236 revocemus
777 2176 919 2253 ejectos;
935 2172 1027 2237 nimia

84 2267 211 2344 pietatis
242 2271 272 2327 et
301 2267 421 2327 summi
445 2266 566 2325 amoris
592 2266 626 2324 in
647 2265 785 2342 patriam
814 2265 961 2327 vicissim
982 2275 1028 2333 nos

83 2373 205 2431 pronas,
218 2357 244 2415 si
262 2357 430 2432 impleant,
442 2355 647 2415 sufferamus.
665 2353 811 2429 Nosjnm
826 2354 866 2415 ab
881 2353 1028 2417 indicibus

83 2445 302 2516 nominamur,
327 2446 360 2503 in
387 2462 446 2504 nos
470 2443 607 2502 crimina
627 2443 810 2519 finguntur,
839 2444 935 2503 nobis
963 2439 1029 2519 peri·

83 2533 155 2592 cula
170 2538 408 2611 comparantur.
429 2534 516 2604 Quas.
528 2534 554 2591 si
572 2551 629 2609 per
647 2533 727 2592 alios
747 2537 891 2609 agerent,
909 2534 936 2592 si
953 2529 1030 2591 deni·

84 2642 146 2700 que
160 2641 216 2700 per
232 2624 342 2700 populi
364 2640 484 2681 nomen
506 2623 627 2681 civium
648 2620 876 2699 imperitorum
898 2621 1033 2681 multitu-

84 2713 194 2772 dinem
210 2714 438 2785 concitassent,
458 2712 599 2789 :nquiore
616 2713 724 2770 animo
748 2711 831 2770 ferre
848 2724 1034 2788 possemus}

84 2802 164 2867 illud
179 2820 255 2863 roro
274 2802 348 2862 terri
365 2818 431 2859 non
446 2804 564 2878 potest,
585 2800 670 2877 quod
687 2818 743 2877 per
759 2804 928 2867 senatores
947 2806 977 2860 et
990 2813 1037 2876 per

86 2893 210 2968 equites
229 2893 402 2965 Romanae,
419 2890 473 2967 qui
488 2890 680 2949 haecomnia
696 2907 753 2967 pro
766 2889 870 2948 salute
887 2890 1037 2960 omnium,

112 3088 131 3130 'l.
151 3089 215 3128 'ferti
227 3088 334 3129 linealiter,
348 3088 419 3128 elles
429 3088 538 3129 hommes
618 3087 637 3128 ὅ.
658 3087 761 3126 lironem.
787 3086 869 3127 Lllrll'e.
890 3088 985 3140 allalsel'
1011 3087 1040 3127 1¹¹⁵

90 3141 253 3184 (irrumpamus
267 3145 323 3185 utut,
339 3159 347 3178 l
360 3142 417 3184 t'nir
428 3141 452 3183 la
464 3141 538 3183 neteli
593 3149 663 3191 «lieux
676 3158 718 3202 par
727 3160 758 3190 un
768 3142 1041 3208 salet-illectandpriere)

91 3193 119 3238 ‘¹⁰
136 3196 191 3261 lap.
204 3193 252 3237 285·
269 3250 272 3258 ,
335 3252 340 3261 7
360 3251 363 3257 ⁴
592 3215 713 3264 percernere
734 3211 815 3265 (pario,
831 3211 924 3271 pererra)
946 3207 1041 3254 celebrer

113 3248 135 3292 2.
151 3249 306 3290 effluentum.
323 3252 379 3291 lou·
394 3248 460 3319 lull.
525 3311 528 3316 ,
597 3277 628 3306 un
654 3263 761 3306 sacrifice
780 3265 915 3317 expralnira
935 3276 994 3318 pom
1009 3273 1041 3305 ses

113 3309 135 3354 3.
152 3311 195 3351 l’ro
211 3323 256 3370 ΜΨ
269 3326 330 3372 ,po-e.
347 3323 358 3351 <l
374 3312 417 3353 J'ssl
439 3312 459 3353 le
480 3310 541 3352 dl'ssll
596 3322 699 3371 parents.
722 3320 757 3359 011
774 3318 819 3359 sall
835 3329 881 3370 que
897 3318 1014 3363 Lentulus
1023 3316 1040 3359 el

88 3363 116 3405 (10
128 3366 206 3416 pallet·
219 3375 289 3404 ΜΝ.
304 3379 315 3405 l>
596 3373 723 3423 Cetlwpus,
750 3371 783 3412 les
811 3370 875 3413 deux
905 3373 1042 3426 principuus·

114 3426 136 3467 t.
154 3425 219 3467 Juelu
243 3427 330 3472 lacere.
353 3426 417 3475 dare,
440 3427 538 3475 solvere,
595 3426 722 3477 complices
733 3424 762 3467 de
778 3424 888 3474 Catilina,
905 3419 1043 3468 ai'aientdtt

89 3487 210 3531 peragere,
228 3481 275 3521 etc.
291 3491 301 3515 u
316 3480 413 3522 Remlre
431 3481 472 3522 fles
485 3481 539 3522 lton·
595 3480 640 3519 mis
651 3478 663 3520 al
674 3480 736 3519 mort
748 3478 807 3519 dans
819 3477 844 3521 la
854 3480 945 3533 prison.
956 3479 1011 3521 l'oir
1025 3476 1043 3520 la

89 3540 163 3575 lleurs
172 3529 294 3576 [ltnebres.
307 3544 319 3575 n
594 3535 648 3576 unte
661 3530 712 3574 lile
727 3532 748 3573 la
761 3543 784 3587 p,
799 3529 849 3574 all.
