2244 3848
86 256 147 313 ,πυ
428 262 480 306 irs
503 260 711 310 ruuirriotus

87 407 177 465 Calos
194 412 224 462 ot
246 406 403 462 teanum.
424 416 500 457 eum
520 398 601 456 alter
622 398 806 457 nobilitatis
827 399 954 467 ssorem,
973 398 1035 458 alter
1081 390 1086 423 ·’

87 494 161 553 bet-lli
190 494 297 551 sorios
323 489 537 549 adhibuisset.
563 485 602 544 de
626 487 822 547 auet·.·ritate
847 493 988 558 senatus,
1008 488 1036 547 de

87 584 250 658 sullragiis
275 580 398 658 populi.
422 578 461 636 do
480 577 556 652 jure
578 576 719 635 civitatis
739 586 889 655 agentes,
914 579 993 639 iuter
1015 594 1037 637 se

87 672 298 730 wonclioiorws
323 665 545 727 contuleruut.
574 666 643 723 Non
665 667 773 725 tenuit
798 669 938 727 omuino
960 668 1040 728 collo

86 764 200 837 quium
230 759 308 816 illud
336 756 449 816 tidem:
473 772 491 813 a
516 755 547 812 ri
575 760 685 813 taiiren
708 756 925 833 periculoque
943 757 1038 817 abluit.

87 850 309 907 Possumusne·
331 847 429 921 igitur
458 845 490 901 in
515 844 645 901 ⁴tutonii
673 842 849 904 latrocinio
872 864 964 923 {eque
982 862 1040 906 esse

87 940 169 995 tutiz'
184 939 252 995 Non
267 950 462 1013 prosumus:
476 939 543 1003 aut,
557 932 584 990 si
598 933 697 991 ceteri
715 940 871 1009 possunt,
889 953 943 995 me
958 951 1039 1015 posse

87 1026 211 1087 dillido.
285 1088 292 1098 ,

130 1143 193 1201 tlt.
218 1143 268 1199 iu.
292 1142 435 1211 Quodsi
460 1157 527 1199 non
547 1146 637 1198 extra
657 1146 764 1198 eastra
788 1142 1041 1218 congrediemur,

87 1250 157 1309 quw
175 1231 214 1290 ad
239 1230 442 1305 colloquium
465 1236 570 1288 castra
594 1231 787 1289 sumentur?
806 1231 844 1288 ln
870 1238 984 1292 nostra
1002 1233 1043 1291 ille

86 1338 253 1397 nunquam
265 1320 384 1379 reniet.
403 1319 626 1377 multominus
636 1336 698 1377 nos
715 1320 747 1377 in
761 1319 865 1379 illius.
880 1322 1041 1398 Reliquum

85 1418 149 1471 est.
169 1416 204 1468 ut
231 1416 261 1469 et
290 1410 501 1484 accipiantur.
523 1415 554 1467 et
584 1408 791 1468 remittantur
815 1412 1044 1488 postulalaper

86 1501 220 1559 litteras,
245 1501 326 1577 Ergo
349 1499 475 1557 erimus
502 1499 535 1556 iu
559 1498 685 1565 eastris,
708 1514 850 1575 meaque
875 1501 916 1559 ad
946 1501 1043 1560 omnia

85 1588 249 1665 postulata
260 1605 324 1646 una
340 1587 517 1647 sententia:
529 1604 628 1662 quam
643 1604 719 1646 cum
731 1586 797 1659 hie,
812 1589 910 1649 vobis
923 1589 1044 1649 audien·

86 1678 183 1736 tibus.
202 1678 323 1737 dixero.
342 1678 406 1735 isse
425 1683 457 1736 et
472 1677 596 1735 redisse
610 1693 663 1736 me
677 1681 840 1753 putatote3
856 1679 1042 1757 legationem

85 1768 266 1826 confecero.
281 1767 397 1826 munia
413 1766 452 1824 ad
465 1771 614 1824 senatum
631 1783 705 1825 mea
716 1768 881 1827 sententia
892 1768 1040 1846 rejiciam,

86 1873 299 1932 quacumque
322 1856 497 1932 postulabit
519 1856 690 1915 Antonine.
716 1858 827 1932 Neque
858 1859 948 1919 enim
978 1859 1042 1919 lieet

85 1946 190 2007 aliter.
205 1963 311 2021 neque
326 1946 524 2021 permissum
540 1949 591 2005 est
605 1946 700 2004 nobis
714 1947 754 2005 ab
770 1946 833 2006 boe
851 1948 979 2022 ordine,
1001 1954 1040 2019 ut,

86 2035 179 2095 bellis
201 2035 369 2097 conlectis.
392 2035 503 2094 decem
528 2035 666 2112 legatis¹
689 2036 832 2112 permitti
856 2039 941 2098 solet
963 2054 1044 2099 more

85 2126 263 2202 majorum:
295 2142 400 2201 neque
432 2125 499 2183 ulla
531 2124 664 2183 omnino
699 2142 718 2182 a
747 2131 865 2186 senatu
896 2128 1042 2188 mandata

84 2216 282 2291 accepimus.
314 2220 389 2283 Qua·
409 2232 484 2274 eum
517 2231 609 2291 agam
641 2214 675 2272 in
708 2215 861 2288 oonsilio,
880 2218 991 2291 nullis
1014 2219 1044 2275 ut

84 2306 233 2375 arbitror,
264 2304 532 2381 repugnantibus,
556 2320 663 2362 nonne
685 2306 903 2365 metuendum
930 2314 990 2380 est,
1011 2322 1044 2365 ne

85 2394 236 2470 irnperita
255 2394 396 2452 militum
420 2392 597 2452 multitudo
614 2410 671 2470 per
686 2411 738 2453 me
762 2412 877 2471 paoem
901 2394 1044 2457 distineri

84 2483 197 2558 putet?
228 2484 276 2542 229.
309 2483 425 2554 Faeite,
455 2483 516 2541 hoo
549 2499 660 2541 meum
690 2483 870 2543 eonsilium
904 2485 1044 2562 legiones

83 2590 183 2630 noras
209 2590 274 2630 non
299 2572 496 2648 improbare.
520 2573 601 2630 Nam
628 2573 773 2632 Martiam
786 2575 808 2645 ²,
835 2580 868 2634 el
890 2583 1043 2652 quartam,

83 2662 162 2720 nihil
180 2663 370 2738 cogitantes,
386 2667 502 2738 preter
516 2661 706 2739 dignitatem
722 2662 879 2736 eldeum,
898 2681 1044 2743 compro·

83 2751 212 2810 baturus
241 2768 312 2810 esse
337 2754 423 2810 eerlo
454 2751 532 2810 seio.
562 2751 666 2821 Quid?
697 2757 867 2812 veteranos
893 2772 962 2814 non
995 2771 1044 2812 ve·

83 2840 216 2899 reumr‘?
255 2843 335 2899 Nam
373 2841 479 2900 timeri
517 2858 551 2900 se
584 2858 625 2900 ne
659 2841 722 2918 ipsi
756 2842 891 2919 quidem
924 2845 1042 2903 volunt.

82 2999 175 3050 luntre,
186 2999 213 3041 L.
227 2998 351 3040 Cornelius
362 2998 536 3051 ¹<eipioitsiati-
591 3011 628 3048 m,
640 2997 660 3040 t.
678 2999 737 3040 l'oir
748 2999 771 3041 la
787 3002 842 3042 note
858 2997 870 3043 l
886 3000 914 3043 de
926 3001 950 3042 la
966 3013 987 3055 p.
1000 3000 1043 3043 380.

81 3065 133 3099 etis,
148 3064 176 3093 eu
188 3054 243 3093 Cum
255 3053 325 3097 initio,
345 3056 411 3094 entre
422 3052 455 3093 les
469 3052 536 3093 villos
618 3053 636 3094 1.
648 3052 722 3093 Decem
735 3053 932 3104 [effutielmsdix
943 3055 1048 3098 commis-

81 3106 109 3147 de
125 3106 192 3146 Cales
204 3110 225 3147 et
236 3120 240 3142 ι
252 3116 264 3147 e
275 3106 381 3146 Temnum
394 3105 534 3147 Sidicinum.
591 3106 663 3147 salros
688 3116 734 3199 ‹pre
748 3106 769 3148 le
782 3107 862 3155 senat,
876 3108 947 3161 apres
961 3109 983 3150 la
997 3119 1045 3149 eou-

81 3159 145 3213 sylla
162 3170 264 3212 ummpm
276 3158 304 3201 de
321 3160 397 3199 brume
411 3160 442 3199 soi
453 3171 458 3203 ;
471 3158 486 3199 il
498 3159 536 3201 dd-
590 3159 684 3201 clusion
700 3160 890 3204 toureused‘une
901 3171 1046 3216 guerrepre-

81 3215 172 3255 lumba
204 3212 298 3253 l'armee
322 3213 352 3252 du
369 3213 464 3260 (urriani,
484 3213 533 3266 qui,
589 3213 722 3266 rmitparmi
734 3214 1045 3268 sesmembreselenromil

81 3267 158 3308 arrote
185 3278 242 3306 arm·
267 3277 309 3306 sim
340 3265 375 3306 lits
403 3266 463 3306 iliius
492 3277 534 3308 son
591 3269 672 3308 munis
699 3265 727 3308 de
750 3267 827 3320 pleins
852 3271 967 3320 pouvoirs
991 3279 1045 3322 pour

81 3331 149 3373 onmp
164 3331 208 3380 par
220 3331 256 3359 ses
273 3329 370 3371 proprus
386 3319 481 3367 rotulo,
496 3320 533 3362 tut
588 3320 665 3374 rdgler
680 3317 893 3363 l'admiuistration
912 3322 941 3364 de
959 3323 979 3364 la
995 3332 1043 3375 pru-

80 3385 169 3415 ruvnu·
193 3384 235 3426 pur
255 3374 276 3413 le
290 3373 356 3414 futur
371 3372 488 3415 dietatem·
503 3385 531 3414 eu
588 3375 657 3416 vinee
677 3375 798 3427 conuulso.
817 3376 876 3416 l'oir
890 3387 912 3430 p.
928 3375 976 3419 168.
993 3373 1044 3417 nl.

81 3428 127 3469 oxil
141 3418 152 3466 ἶι
171 3426 301 3468 blarseille.
318 3427 349 3467 lie
367 3427 438 3468 client
451 3425 479 3469 de
495 3428 530 3468 Ci-
613 3430 634 3469 ’2.
645 3427 764 3470 Martium.
773 3426 940 3481 l’ourlaleplo
950 3428 1043 3471 ,llortim

80 3480 161 3526 odron.
180 3480 281 3526 somn,
300 3478 389 3531 dpmrsa
405 3479 427 3521 la
443 3479 489 3521 lille
502 3479 531 3522 de
586 3481 637 3522 voir
658 3482 679 3523 la
712 3481 870 3529 (tuntarzieme
890 3482 1041 3536 Philippique,

78 3532 201 3575 Cornelius
225 3532 313 3589 Scipio.
330 3532 365 3577 Cl.
379 3532 424 3573 l'ro
445 3534 530 3578 Sestio,
587 3535 708 3589 Xll',xu,
725 3544 749 3586 p.
766 3533 814 3580 529.
