2250 3818
19 44 86 161 a}

19 186 209 293 353131
287 252 318 283 4.
422 232 529 313 444
549 226 805 291 4444444444
965 292 1018 303 ,..

35 306 57 333 ‚l

19 274 105 451 ,33
108 420 112 427 .
141 320 638 441 31131134441344344444
663 373 906 453 4444441144,
933 378 981 441 A.
1003 376 1081 455 313413,

19 414 87 575 ξ
134 432 285 529 ornatum
313 478 387 523 4444
420 444 764 536 1444143341444434,
797 468 831 527 41
853 462 1031 531 14144441
1051 484 1082 531 44

19 570 80 645 ?ifi·
131 540 707 630 4413414444,4444144444444414434.»
723 550 887 629 Equidem
901 573 1082 637 4449444444

19 638 83 725 ²1¹5-
130 652 283 743 4444444444,
302 658 322 703 4
340 641 465 704 cesare
486 628 627 701 Hirtium
646 640 820 713 ornatum3
846 642 1081 727 4413314444

19 696 52 801 ξ’.
130 733 254 805 menta,
274 730 308 791 in
322 731 441 795 43414434
455 730 488 797 41
502 724 661 791 industria
674 730 794 805 posita,
808 730 996 797 1444444134
1006 752 1081 813 4444,

19 844 48 901 i?-
131 818 188 895 qui
202 823 234 881 14
246 776 291 883 bb
311 822 427 883 eodem
445 818 569 879 Caesare
584 821 736 887 4444414444
762 837 888 899 negare¹
901 824 972 887 no'n
991 828 1079 905 potos,

129 913 209 993 quid
218 926 310 972 esses
321 909 423 973 4414344
436 907 566 968 illenon
575 908 643 967 tam
655 907 1078 993 44444114144344444444134444444ί

130 1008 162 1067 14
176 1008 233 1067 tuo
250 1002 354 1063 virtus
372 998 597 1077 provexisset?
615 998 719 1077 aequo
736 1016 843 1077 genus
864 1004 962 1067 431443
978 1006 1013 1067 143
1028 1002 1081 1065 lus

19 1110 40 1173 ,τ
128 1094 219 1170 14341,
240 1091 382 1170 popinis,
405 1088 486 1163 alea,
508 1088 596 1160 vino,
617 1090 749 1166 tempus
770 1092 877 1153 aetatis
903 1110 1003 1157 omne
1020 1110 1081 1155 oon-

53 1175 73 1183 ''
128 1182 340 1262 sumpsisses,
353 1184 391 1239 441
414 1176 568 1249 14434144,
582 1192 659 1239 oum
678 1178 712 1237 in
736 1180 873 1257 gremiis
899 1180 1081 1245 mimarnni³

55 1294 59 1301 ·
127 1275 276 1335 mentum
303 1266 538 1347 444444144444444ι
555 1266 749 1346 deponeres.
774 1292 789 1325 «
805 1270 845 1331 131
859 1274 904 1346 14,
917 1276 938 1332 o
953 1270 1081 1351 puer⁸!r

23 1396 38 1431 ,1
127 1363 269 1423 Puerum
287 1356 438 1437 appellet,
458 1372 557 1435 quem
578 1368 646 1433 non
664 1356 902 1433 modoinum,
925 1359 1082 1423 sedetiam
1113 1410 1117 1417 .

19 1444 65 1529 ,τ’
127 1448 345 1512 fortissimum
352 1446 460 1508 virum
472 1446 586 1520 sensit,
601 1448 634 1507 41
645 1446 775 1507 sentiet.
788 1446 845 1507 Est
860 1448 949 1511 341444
964 1448 1081 1528 quidem

125 1556 246 1601 nomen
261 1537 378 1609 aetatis,
398 1534 456 1597 sed
478 1537 519 1595 ab
544 1552 582 1595 44
607 1535 743 1596 minime
767 1538 1012 1617 usurpandum,
1034 1537 1082 1617 qui

19 1618 57 1693 {²
127 1646 221 1689 suam
257 1627 432 1687 amentiam
466 1640 568 1701 puero
598 1623 676 1685 huic
708 1626 832 1703 praebet
866 1626 910 1687 ad
946 1628 1081 1707 gloriam.

19 1780 25 1791 1
127 1717 177 1783 35,
206 1738 221 1770 a
247 1714 308 1788 Qui
332 1713 445 1774 omnia
465 1711 687 1790 ejusnomini
705 1711 818 1775 debes.
843 1714 987 1777 »Debet
1018 1722 1084 1776 4441

19 1798 33 1849 Γ
128 1805 290 1882 solvitque
307 1802 495 1881 3444441444.
506 1800 637 1863 Sionim
648 1800 701 1862 3114
712 1802 823 1881 patriae
837 1820 962 1883 parens
974 1806 1079 1876 44141,

82 1968 89 1977 ¹
130 1898 165 1953 144
179 1893 322 1972 appelles
346 1890 429 1970 (ego,
449 1890 528 1969 quid
548 1890 699 1964 sentiam,
721 1890 858 1973 videro),
876 1910 941 1954 our
955 1912 1019 1957 non
1034 1894 1079 1954 1434

126 1999 245 2061 parens
272 1983 389 2053 verior,
420 1998 439 2039 4
464 1996 529 2058 qno
554 1984 641 2041 certe
667 1980 965 2056 vitambabemus,
988 1981 1082 2044 41434

127 2070 417 2132 facinorosissimis
447 2070 600 2129 manibus
630 2071 795 2147 ereptam?
824 2093 839 2124 «
865 2071 902 2132 ld
924 2089 1027 2152 agere,
1048 2073 1077 2131 nt

124 2162 198 2240 jure
214 2161 386 2221 damnatus
401 2160 444 2219 sit
459 2157 634 2219 Dolabella.
653 2183 668 2214 »
683 2160 822 2238 Turpem
833 2177 914 2222 vero
929 2165 1078 2223 actionem

126 2269 189 2328 qua
213 2250 396 2312 defenditur
418 2246 613 2326 amplissimi
634 2249 809 2309 auotoritas
831 2250 960 2312 ordinis
981 2254 1079 2311 eontra

119 2332 345 2400 ‘erudelissimi
363 2337 551 2416 gladiatoris
573 2337 763 2398 arrrentiaml
791 2360 806 2392 4
829 2338 866 2399 Et
887 2344 925 2400 441
948 2339 1077 2401 venefica

122 2428 191 2489 34444
211 2429 368 2489 liberetur
383 2426 578 2488 obsidione?
595 2449 609 2480 »
626 2428 833 2487 Venefleam⁷
855 2428 960 2490 audes
982 2426 1076 2508 appol·

120 2517 186 2576 lare
210 2518 419 2589 summram,
439 2517 496 2594 qui
511 2517 578 2575 tuis
599 2516 763 2577 veneficiis
783 2517 932 2578 remedia
948 2514 1076 2579 3444444313

120 2622 217 2682 quem
236 2607 434 2682 3144143144,
451 2624 533 2666 nove
552 2606 722 2680 Hannibal,
741 2609 796 2666 aut
816 2606 843 2666 si
864 2608 940 2684 quis
963 2608 1074 2669 acutior

120 2695 296 2773 imperator
320 2695 491 2769 1443144114
510 2696 580 2773 ipse
609 2695 772 2766 obsideas,
789 2711 900 2772 neque
922 2701 953 2757 te
975 2696 1071 2761 istinc.

120 2783 146 2843 si
178 2785 302 2861 44444344,
337 2785 445 2862 possis
480 2784 651 2861 explicare.
690 2784 905 2845 Recesseris:
933 2783 1072 2864 {undique

119 2890 232 2932 omnes
259 2875 487 2951 insequentum
511 2875 696 2933 manseris:
733 2872 885 2933 haerebis.
917 2873 1069 2954 (1134434444

143 3029 165 3074 3.
188 3030 571 3085 14444(43444443,44441444444444
653 3029 1069 3095 34.1314441444444414444444133331144-

118 3095 202 3148 quomo
205 3085 328 3140 iteratque).
341 3048 389 3126 4314
385 3086 572 3129 13144444444141431
627 3085 675 3126 tion
707 3085 833 3127 4441444444
854 3096 886 3127 au
911 3085 993 3140 Joude
1012 3086 1066 3127 mota.

116 3137 162 3179 4443
172 3149 185 3180 4)
626 3096 1004 3203 1434344441431414444487

142 3190 161 3233 2.
178 3191 464 3246 1411441141(4414414441),
484 3193 569 3246 bouge,
651 3191 754 3235 5.Irrar
772 3186 1066 3236 044444443414444441

115 3246 227 3286 4444444414
248 3245 306 3293 lieu,
335 3246 571 3299 Nepasconlondre
625 3243 791 3299 43414177

115 3299 205 3339 444414
230 3312 276 3338 raro
271 3299 348 3353 4(14)311)14
358 3299 571 3353 sacrificationum·
651 3256 773 3342 1641411.
794 3295 1063 3343 444414443431434

114 3349 209 3392 ficalron
221 3363 261 3406 qm
273 3360 297 3395 44
309 3352 447 3396 4444444134
474 3363 517 3395 4444
533 3353 568 3397 144
624 3350 708 3406 443111.

114 3404 229 3457 olnqans.
238 3406 483 3460 espaoedecinqans,
491 3408 568 3451 limare
624 3362 670 3449 pl
691 3406 826 3462 lQerroficom
847 3407 884 3449 044
904 3416 933 3450 ne
953 3397 1061 3463 couniret⁴¹

136 3454 157 3501 3.
172 3455 308 3563 1344444444
324 3460 382 3504 l'oir
398 3459 422 3504 la
439 3439 493 3505 not'e
517 3461 568 3504 lde
640 3459 696 3502 4344
724 3460 843 3527 pourquoi
873 3461 974 3504 Antoine
1007 3456 1060 3501 144314

101 3510 218 3579 3.34463
623 3470 657 3563 5.
662 3513 973 3569 arntnsdempoiiouoem.
