2250 3818
109 273 168 332 iii
210 288 264 330 uns
286 276 436 331 ursuouus'
452 287 654 333 consummes
676 286 737 330 uox
760 286 969 338 runrrrrouus

20 494 27 505 ¹
109 422 187 481 Vide
212 439 298 481 nuno
324 421 497 497 caliginem
523 426 710 500 temporum
733 421 879 480 illorum,
906 421 980 481 Cum
998 423 1052 499 ipsa

109 527 199 588 paene
209 511 329 569 insula¹
342 510 422 569 mihi
435 528 507 572 sese
519 512 648 572 obviam
661 509 743 570 ferre
755 509 867 581 vellet,
878 510 1047 587 praetorille.

108 599 256 676 ejusdem
275 600 395 659 tribuni
415 600 518 676 plebis
538 599 758 669 contionibus
777 604 912 678 propter
927 599 1049 661 eamden

109 689 155 748 rei
167 689 303 767 publicar
318 705 460 761 oausam,
475 708 560 767 saepe
571 695 716 759 vexatus,
732 689 815 748 nihil
829 691 967 772 amplius
980 689 1044 753 dico.

107 779 182 849 uisi,
200 796 251 838 me
264 779 296 837 in
312 778 441 838 Sicilarn
457 781 567 840 venire
584 779 697 840 noluit.
711 779 794 850 Quid
808 779 977 840 dicamid.
993 781 1047 837 Ver-

108 869 196 944 gilio,
209 868 265 927 tali
280 869 341 927 civi
354 873 385 927 et
397 869 477 937 viro,
490 869 752 928 benevolentiam
761 868 794 927 in
803 886 868 935 me,
883 869 1046 930 memoriam

107 959 332 1018 comnmniuur
360 963 555 1034 temporum,
578 959 744 1036 pietatem,
769 957 1007 1023 humanitatem.
1022 956 1046 1014 d·

107 1048 181 1107 dem
203 1047 364 1107 defuisse?
380 1047 477 1117 Nihil,
501 1047 641 1124 Judioes,
666 1052 716 1108 est
735 1065 862 1117 eorum,
884 1048 951 1115 sed,
972 1064 1045 1125 quan

107 1141 333 1212 tempestatem
354 1154 413 1196 nos
438 1137 608 1196 vobiscum
633 1155 698 1197 non
724 1137 927 1210 tulissemus,
944 1136 1044 1201 metuit,

107 1230 141 1284 ut
154 1242 226 1285 earn
238 1225 306 1301 ipse
317 1228 428 1303 posset
444 1227 561 1303 opibus
578 1226 647 1286 suis
663 1227 839 1288 sustinere.
857 1229 947 1299 Tum,
962 1225 1044 1287 cousi·

107 1309 150 1375 lio
166 1327 296 1394 repente
316 1320 451 1386 mutato,
475 1317 535 1376 iter
552 1317 723 1376 aVibone²
741 1317 949 1377 Brundisium
973 1321 1044 1379 terra,

105 1410 213 1481 petere
234 1405 396 1465 contendi.
419 1408 499 1465 Nam
523 1406 705 1466 maritimos
721 1424 839 1466 cursus
856 1406 1045 1485 praeludebat
1081 1416 1083 1423 ·

105 1494 223 1554 hiemis
237 1495 437 1572 magnitude.
1080 1476 1083 1537 f

144 1602 219 1660 XLI.
233 1603 283 1660 97.
307 1603 385 1661 Cum
402 1603 512 1662 onmia
528 1602 581 1661 illa
596 1603 784 1680 municipia,
803 1622 875 1680 quae
891 1608 965 1664 sunt
981 1601 1046 1663 aii·
1079 1608 1083 1695 j

105 1692 188 1751 bone
210 1691 427 1764 Brundisium,
455 1693 487 1751 in
511 1693 573 1752 tide
593 1711 678 1764 mea,
702 1693 843 1770 judices
867 1699 983 1761 essent.
1001 1694 1045 1752 iter
1079 1698 1083 1755 i

104 1781 183 1839 mibi
208 1786 324 1847 tutum„
350 1783 460 1841 multis
486 1783 723 1852 minitantibus
757 1801 877 1861 magno
907 1802 977 1844 eum
1001 1798 1044 1842 suo

103 1875 192 1929 metu
221 1873 449 1947 prestiterunt.
479 1872 684 1932 Brundisium
711 1873 796 1939 veni,
829 1874 879 1933 vei
901 1868 1044 1950 potiusud

102 1961 222 2018 rutenia
236 1962 368 2020 aooessi.
384 1962 501 2020 Urbem
514 1979 610 2021 unam
625 1963 705 2020 mibi
720 1962 956 2022 amicissimam
970 1960 1044 2023 dedi·
1080 1960 1083 2031 ἱ

102 2050 186 2114 navi,
203 2068 272 2125 (lure
290 2068 323 2109 se
339 2050 432 2108 vellet
450 2051 557 2126 potius
574 2050 730 2117 exscindi,
749 2069 847 2127 qumu
864 2070 881 2111 e
901 2070 959 2111 suo
973 2068 1043 2111 eoru-
1080 2038 1083 2105 ἰ

102 2141 196 2216 plexu
214 2144 247 2198 ut
260 2141 412 2216 eriperer,
432 2140 523 2199 iuoile
545 2144 719 2217 pateretur.
750 2142 785 2199 ln
809 2142 923 2202 hortos
947 2159 992 2201 me
1013 2137 1041 2196 d.

101 2230 199 2288 Lmnii
214 2230 333 2289 Flacci}
351 2230 484 2289 eontulit
505 2231 556 2288 oui
573 2247 646 2290 eum
663 2231 770 2290 omnis
786 2235 907 2295 metus.
925 2231 1043 2309 publiea-

100 2320 144 2377 tio
160 2319 331 2386 bonorum,
347 2319 511 2389 exsilium,
530 2337 618 2378 mors
635 2326 882 2397 proponeretur,
907 2323 970 2382 bue
984 2334 1043 2397 per·

100 2409 175 2483 peti,
191 2409 216 2466 si
235 2408 426 2473 acciderent,
445 2409 569 2479 maluit,
588 2427 683 2484 (ruam
701 2410 885 2470 custodium
902 2412 963 2471 mei
975 2407 1043 2485 eopi-

101 2497 140 2555 tis
161 2497 331 2556 dimittere.
351 2498 449 2573 Cujus
469 2515 539 2573 ego„
565 2504 597 2557 et
612 2500 753 2574 parentis
775 2500 859 2575 ejus,
877 2498 1040 2578 prudentis·

99 2587 172 2644 simi
183 2591 276 2661 atque
287 2587 399 2663 optimi
412 2587 511 2658 seniS,
525 2591 555 2646 et
567 2588 734 2664 utriusque
747 2589 890 2647 tiliorum
902 2590 1039 2656 manibus,
1080 2624 1083 2661 ,

99 2675 131 2732 iu
151 2676 224 2733 navi
242 2680 309 2734 tutu
330 2692 365 2733 ao
386 2675 472 2735 iideli
496 2677 684 2742 ooiloootus,
702 2694 883 2753 eorumque
904 2694 1007 2755 preces
1019 2682 1041 2731 ei
1080 2668 1083 2727 ἔ

98 2768 172 2822 vota
197 2764 235 2822 de
260 2782 332 2823 meo
355 2765 460 2823 reditu
486 2766 674 2831 exaudiens,
701 2767 947 2843 Dyrrachiumi.
971 2761 1037 2843 quod
1079 2780 1083 2843 ,Ι

97 2859 162 2911 eret
180 2854 209 2910 in
227 2853 287 2911 tide
302 2871 385 2917 mea.
404 2860 512 2930 petere
527 2855 690 2914 contendi.
709 2856 758 2913 98.
778 2856 847 2926 Quo
864 2876 937 2916 eum
955 2855 1037 2914 venis·
1079 2852 1083 2921 t

97 2958 177 3005 seru,
195 2943 343 3017 cognovi.
365 2943 394 3000 id
413 2945 497 3018 quod
523 2943 699 3011 audieram,
717 2945 868 3005 refertam
885 2964 954 3004 esse
969 2948 1036 3001 tiru-
1080 2928 1083 2991 i

96 3030 179 3088 ciam
190 3031 694 3092 seeleratissiruorumbominum
710 3051 746 3093 ao
759 3035 967 3094 notariorum.
978 3048 1036 3109 ‘1¹¹⁰‘
1080 2996 1083 3089 Ι

123 3191 140 3228 t.
159 3189 242 3250 (strada.
257 3193 288 3232 La
303 3192 374 3233 suerio
400 3192 489 3234 n'nvnii
504 3204 546 3245 uus
604 3193 752 3247 s'embruuue
767 3207 827 3247 nour
844 3196 865 3238 lu
878 3195 949 3237 tirio·

95 3242 173 3283 oubiir·
185 3244 205 3283 ie
221 3248 334 3297 qrumteur
350 3246 377 3285 de
399 3246 494 3299 riu-ude
506 3248 546 3299 uui
629 3246 648 3287 3.
661 3248 693 3286 il.
708 3248 778 3287 lunii
804 3249 890 3291 Idm-ci.
903 3247 992 3290 ilicium
1002 3246 1033 3285 itt'·

94 3297 158 3337 aruit
177 3296 280 3338 [ieieudu
307 3302 368 3340 toute
394 3300 414 3341 ia
434 3302 546 3352 pruuiuee
603 3299 683 3351 irrogo
699 3302 765 3343 dece
791 3314 938 3355 personuere
957 3302 1007 3342 darn
1018 3296 1032 3336 1·-

94 3352 176 3390 contre
189 3350 283 3392 toruis.
605 3353 648 3391 l'ro
659 3356 739 3395 Netum.
765 3367 831 3403 urna
843 3356 890 3399 131.
902 3362 922 3398 et
937 3357 989 3397 dau.-
998 3360 1031 3393 un·

103 3400 139 3460 ¹2.
160 3402 545 3449 it'uumuer'ioo,dousleurm-
602 3407 667 3448 ierne
691 3408 703 3448 ri
726 3409 838 3451 'rermua
858 3410 940 3462 diuisi.
956 3403 1028 3448 iiunii.

89 3454 158 3497 trum,
172 3455 201 3497 uri
214 3457 230 3499 ii
242 3469 255 3499 u
269 3469 315 3500 unu
327 3458 392 3508 villu,
406 3460 502 3501 Ciceruu
515 3471 544 3500 vo
600 3461 663 3508 XIV,
681 3473 722 3503 uu.
883 3498 886 3503 .

81 3519 127 3562 por
155 3509 176 3553 iu
199 3514 254 3557 r'oie
274 3514 302 3557 du
330 3518 391 3558 terre
413 3513 426 3556 ir
447 3513 549 3556 Brundi·
630 3514 650 3556 u.
667 3515 817 3565 turturinum.
833 3516 888 3558 Pori
905 3514 1027 3567 desituru-

74 3565 150 3609 siuur.
178 3580 222 3612 sur·
251 3570 425 3629 indriutique
447 3571 479 3613 uu
508 3569 557 3613 t'uu
612 3567 916 3613 euizxreuebruudu'uuu„
