2244 3848
82 199 139 256 lut
449 213 502 256 nus
524 214 672 258 venereus

81 353 166 416 runt,
184 353 220 409 ut
235 365 405 426 nunquam
425 349 576 409 antehoc
600 353 729 425 tempus
743 347 783 407 ad
799 349 905 407 aram¹
929 347 1035 424 legum

80 438 335 516 praesidiumque
358 442 506 498 vestrum
523 437 654 515 publico
670 437 806 518 consilio
820 436 1035 514 confugerint,

80 528 210 588 tametsi
224 531 255 587 et
270 527 364 587 illum
379 544 504 587 annum
517 527 726 604 pertulerant,
744 527 800 604 qui
814 527 862 586 sic
877 543 936 586 eos
958 526 1037 586 afili-

79 622 180 691 xerat,
204 625 241 676 ut
263 616 344 676 salvi
367 633 527 676 essenon
550 620 695 694 possent,
714 616 777 675 nisi
794 617 825 676 C.
852 616 1037 676 Marcellus²

81 707 173 783 quasi
185 706 294 785 aliquo
308 706 373 767 lato
386 707 541 776 venisset,
559 710 595 765 ut
610 706 660 765 bis
676 724 715 765 ex
729 705 842 766 eadem
853 705 978 765 familia
993 724 1038 766 sa·

80 797 131 855 lus
144 795 265 878 ¹Siciliae
285 797 549 864 constitueretur,
571 800 603 857 et
614 799 728 873 postea
743 796 783 855 M.
802 795 951 854 Antonii³
968 796 1040 855 infi-

79 885 187 945 nitum
201 885 280 945 illud
295 885 470 962 imperium
484 889 664 946 senserant.
677 884 729 944 Si'c
744 884 955 961 amajoribus
970 886 1039 944 suis

82 979 282 1052 acceperant,
300 979 389 1035 tenta
404 975 517 1052 populi
533 973 670 1034 Romani
687 975 721 1033 in
742 973 870 1033 Siculos
887 991 959 1034 esse
987 976 1041 1034 be-

79 1065 206 1139 neficia,
224 1067 259 1124 ut
272 1064 369 1124 etiam
391 1064 527 1140 injurias
543 1068 732 1124 nostrorum
747 1063 921 1122 hominum
936 1063 1041 1140 perie-

80 1155 197 1215 rendas
214 1157 375 1231 putarent.
391 1154 420 1213 9.
445 1155 481 1213 ln
496 1154 663 1213 neminem
682 1152 829 1213 civitates
856 1157 929 1213 ante
951 1153 1042 1214 hune

79 1243 307 1305 testimonium
323 1243 453 1320 publice
475 1243 644 1327 dixerunt,
659 1243 748 1302 hune
763 1240 904 1320 denique
930 1242 1043 1320 ipsum

80 1333 300 1412 pertulissent,
317 1334 344 1392 si
360 1332 505 1392 humano
520 1323 632 1407 modo,
647 1333 676 1392 si
691 1332 811 1392 usitato
824 1349 928 1404 more,
945 1333 974 1391 si
993 1332 1044 1392 de·

79 1423 177 1500 nique
198 1441 263 1482 uno
280 1423 390 1499 aliquo
414 1423 448 1482 in
462 1439 581 1499 genere
598 1426 776 1499 peccasset.
795 1421 857 1482 Sed
879 1438 955 1482 eum
972 1439 1042 1499 per·

81 1512 163 1572 ferre
178 1530 244 1571 non
260 1517 395 1588 possent
410 1511 587 1586 luxuriem,
606 1510 844 1584 crudelitatem,
859 1511 1042 1586 avaritiam,

80 1601 276 1677 superbiam,
295 1618 369 1660 cum
387 1601 497 1660 omnia
512 1618 571 1661 sua
586 1601 770 1676 commoda,
782 1601 867 1676 jura,
883 1601 1045 1661 beneficia

80 1695 210 1749 senatus
225 1691 402 1767 populique
421 1690 568 1763 Romani,
589 1691 686 1750 unius
712 1691 833 1750 scelere
850 1707 886 1749 ac
905 1690 1043 1750 libidine

80 1778 308 1856 perdidissent,
336 1779 397 1839 hoc
420 1784 611 1854 statuerunt,
634 1784 690 1838 aut
711 1780 806 1839 istius
823 1778 963 1856 injurias
985 1797 1044 1858 per

80 1886 137 1928 vos
161 1868 274 1927 ulcisci
301 1885 336 1927 ac
358 1869 522 1945 persequi,
545 1873 610 1941 aut,
633 1868 661 1927 si
676 1869 769 1928 vobis
790 1867 913 1945 indigni
930 1873 1044 1929 esseut

79 1958 157 2031 visi,
186 1957 305 2034 quibus
332 1975 428 2034 opem
453 1959 678 2035 auxiliumque
706 1958 847 2034 ferretiS,
879 1959 979 2018 urbes
1005 1975 1044 2018 ac

81 2047 174 2108 sedes
190 2064 265 2106 suas
281 2047 478 2124 relinquere,
496 2048 762 2124 quandoquidem
779 2065 873 2123 agros
882 2047 949 2123 jam
966 2051 1041 2107 ante

79 2136 174 2196 istius
188 2137 317 2213 injuriis
331 2135 484 2212 exagitati
499 2136 734 2212 reliquissentl.

115 2305 208 2377 Aprds
229 2310 275 2360 eet
292 2304 579 2371 Exoaua,l’01·ateur
598 2304 725 2358 arrived
744 2303 774 2358 la
798 2305 873 2358 serie
898 2304 950 2358 des
971 2305 1040 2360 faits

105 2487 125 2526 l.
138 2485 215 2524 Arczm.
229 2495 241 2523 (ι
260 2483 345 2525 L'asile
359 2500 379 2534 »,
396 2493 466 2537 perce
487 2494 532 2537 que

80 2540 114 2581 les
135 2538 269 2590 suppliauts
287 2548 312 2579 se
334 2537 478 2589 refugiaient
493 2549 533 2579 au-

79 2592 134 2646 prds
143 2591 183 2632 des
195 2591 271 2633 autels
282 2601 341 2643 pour
350 2601 375 2632 sc
383 2592 466 2632 mettre
475 2602 532 2631 sous

81 2649 104 2687 lu
115 2646 244 2698 protection
257 2644 297 2685 dos
306 2644 385 2686 «lieux.
395 2644 429 2684 Cf.
439 2644 468 2683 lle
478 2646 533 2695 tup-

78 2700 160 2751 pliciie,
188 2710 272 2747 xnvrrr,
297 2698 357 2738 126:
379 2697 422 2737 llic
440 2702 529 2749 piretus,

80 2752 124 2792 lure
134 2764 184 2796 ure,
199 2752 243 2791 lero
253 2764 294 2791 (ιιιι
309 2752 424 2791 sociarunt.

104 2808 124 2846 ⁴2.
144 2804 169 2844 (J.
192 2804 320 2852 illidentes,
340 2804 476 2858 proprdleur
500 2804 528 2846 dc

80 2859 158 2906 Steilr,
170 2869 198 2899 eu
208 2858 243 2905 80.
255 2853 338 2910 repara
349 2860 382 2900 les
391 2858 528 2910 dommagcs

80 2910 164 2953 causes
178 2923 220 2964 pur
234 2913 254 2953 la
268 2912 362 2954 luuesle
376 2912 528 2954 administra-

80 2965 127 3006 tiou
143 2965 171 3006 de
189 2976 232 3006 son
249 2962 424 3018 predecesseur,
441 2967 472 3007 M.
490 2966 529 3006 lie-

79 3017 159 3071 pidus,
171 3021 193 3059 et
208 3030 282 3060 saura
295 3019 355 3060 ainsi
367 3020 389 3061 lu
403 3021 525 3072 province.
552 3049 555 3054 .

79 3081 171 3113 cormuo
184 3072 264 3113 l'eiait
276 3072 321 3114 leit
332 3084 373 3114 sou
388 3075 492 3122 eucelre,
509 3072 529 3113 le

78 3125 208 3166 Marcellus
219 3126 353 3178 vuiuqueur
366 3126 394 3167 dc
406 3129 530 3180 Syracuse.

106 3176 125 3219 3.
148 3177 181 3217 ll.
204 3178 304 3218 ,tritonii
326 3180 376 3221 rus
399 3179 428 3221 du
456 3179 531 3232 grand

79 3233 174 3272 orateur
191 3231 247 3272 deul
265 3231 363 3274 Cicirou
382 3233 426 3275 fail
441 3245 473 3274 ιιιι
492 3233 533 3273 des

78 3285 261 3327 interlocuteurs
268 3285 300 3326 du
307 3286 337 3325 lte
347 3287 439 3327 Orulme
449 3290 468 3327 el
479 3284 533 3338 piro

80 3337 112 3379 du
126 3338 236 3378 triumvir
250 3339 290 3390 qui
313 3338 392 3381 ‹lcrail
414 3341 532 3393 proselire

80 3391 181 3432 l'auleur
202 3390 232 3430 ι1ιι
257 3389 286 3428 lle
319 3392 420 3433 (lentore.
442 3391 532 3445 Chargd

80 3455 136 3485 ‚suus
148 3445 168 3485 le
181 3444 291 3485 consulut
303 3444 331 3485 de
343 3445 367 3485 1,.
382 3447 495 3487 Octavius
511 3451 532 3488 et

79 3498 141 3541 ch.
169 3496 280 3538 Aurelius
302 3499 377 3543 Cirttu.
401 3510 429 3541 eu
449 3503 484 3548 75,
504 3501 531 3542 de

588 2485 711 2525 surreillcr
718 2484 739 2524 lo
747 2485 833 2527 litteral
844 2494 901 2526 avec
910 2485 1038 2528 sosllullos.

587 2538 619 2578 ll.
631 2538 748 2578 Antonius
758 2538 821 2579 avait
828 2538 929 2579 commis
938 2538 967 2579 de
976 2550 1041 2580 nom-

588 2592 686 2633 brcuses
708 2587 873 2643 depredatione
891 2590 952 2632 daus
963 2595 1038 2635 tontes¹

588 2646 621 2686 les
637 2645 761 2696 provinces
776 2645 807 2686 ori
822 2645 837 2686 il
852 2645 971 2694 peruuart,
989 2657 1039 2699 par-

589 2696 761 2739 ticuliiremrut
772 2709 800 2740 eu
814 2698 1039 2740 Sicilc.«lnmediis

589 2752 685 2804 injuriis
709 2762 772 2793 mors
795 2761 850 2793 eum
878 2754 1002 2805 impressit.
1028 2767 1039 2795 u

583 2806 653 2858 (l'err
671 2838 675 2854 ,
691 2806 740 2859 ll),
755 2806 799 2853 111,
815 2816 859 2853 xci,
873 2803 929 2859 213).

610 2859 630 2902 l.
647 2859 802 2911 ltrlipuieeeut.
828 2859 858 2900 Ce
876 2862 1036 2903 ruouvemrut.

585 2926 616 2955 uu
640 2923 684 2966 peu
704 2909 880 2960 declmrmtcire,
897 2913 1037 2966 faitpeuser

586 2979 616 3009 au
646 2966 754 3007 discours
778 2966 805 3006 de
839 2965 958 3018 Galgacus
984 2966 1038 3015 (lie

585 3020 624 3060 (121
629 3020 722 3070 pricolu.
731 3021 877 3068 xxx-xxxii).
890 3020 984 3062 Dnnsla
996 3020 1037 3060 lta-

587 3083 677 3126 rmrquc
693 3073 748 3125 qu‘il
772 3074 835 3125 prete
855 3083 885 3114 au
906 3073 962 3114 chel
976 3070 1038 3114 celd-

587 3127 684 3175 denien,
703 3127 783 3167 Tacite
799 3126 888 3167 semble
903 3127 970 3168 s'elre
986 3138 1039 3166 sou-

586 3192 656 3225 reuu,
667 3181 766 3242 pourles
778 3177 915 3220 resumeret
928 3181 961 3222 les
974 3182 1040 3222 attri-

588 3235 646 3276 lurer
666 3246 677 3274 u
702 3233 910 3274 l'admiuistruliou
929 3234 1038 3275 roruuine

588 3297 616 3328 eu
637 3286 739 3338 uerterat.
763 3287 791 3328 du
805 3288 880 3327 toules
893 3287 927 3327 les
941 3296 1040 3328 accusa-

589 3342 650 3381 tions
672 3351 717 3392 que
739 3337 835 3382 Cicerou
865 3341 933 3381 lance
957 3343 1039 3381 contre

588 3392 681 3433 l'errds
707 3394 774 3439 l'uir,
793 3404 851 3446 [iugc
863 3391 910 3440 187,
937 3393 1039 3437 oriere

587 3448 626 3489 du
636 3447 743 3488 monde
752 3447 847 3489 entier
857 3449 959 3489 contre
968 3446 1039 3489 l'ad-

587 3500 789 3542 ministration
804 3500 947 3543 romaine.
