2244 3848
376 183 412 230 ce
435 192 450 223 «
474 180 530 229 rao
551 187 578 229 n.
601 180 726 233 ueneni
751 198 764 227 n
994 172 1052 236 ael

86 320 212 400 scripta
240 323 315 381 sunt
342 322 462 398 culnia,
497 335 602 400 noque
639 329 747 384 tauren
779 328 954 405 quidquam
987 335 1050 390 turn

87 417 227 488 anguste
244 414 474 490 scriptumest,
490 432 554 491 quo
571 431 630 492 ego
645 432 710 474 non
726 417 862 492 possim,
883 416 949 490 (loo
970 417 1006 478 de
1019 438 1052 478 re

86 500 224 581 apium,
238 501 366 563 addere.
380 502 455 573 Quae
468 503 682 562 consuluntur
693 503 1052 585 autern‚1uiniruoperi-

86 590 161 651 culo
178 586 425 669 respondentur.
447 590 480 651 Si
499 590 542 665 id,
565 592 650 669 quod
672 594 807 668 oportet,
830 596 1049 673 responderis,

85 681 175 741 idern
194 680 321 742 videare
342 679 562 760 respondisse,
586 680 673 760 quod
694 683 841 757 Servius;
868 685 920 744 sin
944 687 1047 763 aliter,

85 770 186 831 etiam
203 775 450 831 controversum
463 770 518 847 jus
536 788 634 832 nosse
649 778 679 831 et
693 776 831 834 tractare
847 774 985 836 videare.

125 873 176 930 29.
201 871 403 949 Quapropter
415 888 481 930 non
499 869 607 930 solurn
624 870 677 931 illa
691 865 794 950 gloria
809 874 958 934 militaris
975 892 1046 935 ves-

82 961 143 1020 tris
184 961 336 1021 formulis
371 965 467 1037 atque
502 960 684 1021 actionibus
722 962 949 1041 anteponenda
985 968 1044 1040 est,

82 1050 320 1111 verumetiam
348 1050 476 1110 dicendi
499 1050 699 1110 consuetudo
725 1052 820 1128 longe
848 1057 879 1112 et
903 1050 1045 1115 inultum

83 1139 136 1199 isti
148 1144 264 1200 vestrae
278 1139 501 1200 exercitationi
514 1138 554 1198 ad
574 1140 734 1199 honorem
746 1143 918 1202 antecellit.
934 1146 1044 1220 ltaque

81 1228 164 1288 mihi
191 1228 341 1288 videntur
362 1227 507 1305 plerique
531 1226 623 1286 initio
651 1228 754 1287 rnulto
780 1229 842 1288 hoc
869 1231 1042 1302 maluisse,

80 1322 167 1396 post,
184 1335 260 1378 curn
271 1317 303 1377 id
316 1317 447 1394 assequi
457 1334 524 1376 non
534 1316 727 1393 potuissent,
742 1316 824 1377 istuc
833 1319 1042 1394 potissimum

80 1408 157 1467 sunt
176 1404 312 1485 delapsi.
338 1406 377 1468 Ut
399 1407 488 1466 aiunt
509 1407 543 1465 in
561 1405 680 1466 Graecis
699 1406 888 1478 artificibus
913 1426 969 1468 eos
990 1427 1043 1469 au-

79 1490 184 1557 loedos
201 1513 285 1568 esse,
302 1497 356 1573 qui
371 1494 537 1557 citharoedi
554 1496 623 1556 fieri
636 1512 702 1555 non
717 1496 893 1574 potuerint,
918 1499 966 1559 sic
981 1518 1041 1560 nos

79 1584 241 1658 videmus
259 1587 313 1663 qui
334 1588 479 1646 oratores
493 1585 627 1669 eradere
647 1603 714 1646 non
734 1587 909 1664 potuerint,
930 1606 986 1649 eos
1002 1589 1041 1649 ad

73 1672 157 1754 juris
172 1675 318 1736 studium
332 1675 495 1735 devenire.
508 1672 641 1752 Magnus
658 1672 786 1735 dicendi
803 1674 907 1750 labor,
922 1696 1041 1757 magna

74 1780 140 1834 res,
157 1782 277 1842 magna
292 1760 443 1842 dignitas,
460 1778 590 1823 summa
609 1765 720 1823 anteiri
738 1764 850 1841 gratia.
874 1764 1000 1826 Etenim
1023 1786 1041 1826 a

73 1854 168 1914 vobis
180 1850 354 1913 salubritas
366 1851 526 1930 quadarn,
542 1852 581 1912 ab
596 1852 647 1927 iis,
660 1853 714 1930 qui
730 1852 853 1927 dicunt,
867 1854 954 1915 salus
968 1855 1040 1933 ipsa

73 1940 207 2025 petitur.
237 1934 359 2002 Deinde
386 1934 494 2001 vestra
519 1954 677 2018 responsa
711 1936 806 2020 atque
836 1941 976 2016 decreta,
1008 1948 1039 2004 et

72 2035 265 2094 evertuntur
280 2048 365 2108 sape
381 2029 530 2103 dicendo,
552 2032 583 2090 et
603 2029 672 2090 sine
694 2030 882 2091 defensione
899 2033 1038 2092 oratoris

71 2122 168 2184 firrna
181 2139 255 2184 esse
266 2139 332 2181 non
343 2122 492 2200 possunt.
510 2118 546 2179 ln
557 2138 620 2198 qua
635 2121 706 2180 resi
718 2120 796 2180 satis
811 2121 1034 2198 profecissem,
1080 2132 1084 2139 '

70 2212 205 2292 parcius
232 2209 272 2272 de
296 2212 367 2288 ejus
391 2208 486 2270 laude
512 2208 670 2283 dicerem;
697 2224 785 2270 nunc
807 2208 890 2269 nihil
916 2210 955 2272 de
982 2226 1035 2271 me

71 2292 171 2363 dieo²
198 2294 256 2362 sed
283 2298 321 2360 de
349 2299 400 2376 iis,
432 2299 544 2376 quiin
571 2299 708 2360 dicendo
731 2299 840 2377 magni
866 2301 951 2375 sunt,
980 2304 1035 2360 aut

71 2390 217 2452 t'uerunt.

106 2554 202 2623 Apres
223 2549 311 2606 s'ttre
333 2550 409 2606 ainsi
427 2550 537 2622 uroque
558 2549 752 2607 cruellement
765 2551 800 2607 de
820 2549 849 2606 la
863 2550 990 2606 frivolite
1005 2555 1033 2606 et

71 2632 107 2688 de
122 2631 153 2687 la
169 2631 293 2686 minutia
307 2631 347 2686 du
369 2631 459 2701 droit,
480 2631 602 2687 ciceron
614 2632 667 2687 fait
682 2632 784 2704 l'eloge
803 2632 838 2686 de
859 2632 887 2687 la
902 2633 1032 2687 carriere

69 2712 217 2768 militaire
233 2710 270 2766 de
284 2708 416 2779 Murena,
437 2711 488 2782 qui
507 2729 523 2767 a
543 2713 619 2766 servi
636 2728 706 2767 avec
717 2712 792 2767 eolat
808 2728 876 2768 sous
887 2710 1032 2768 Lucullus

68 2792 204 2864 pendunt
218 2790 248 2846 la
261 2807 367 2864 guerre
383 2795 483 2846 contre
499 2790 680 2848 Mithridate.

103 2870 252 2928 Parallele
272 2877 354 2928 entre
379 2871 408 2927 la
425 2873 544 2943 pre'ture
568 2872 604 2927 de
624 2875 745 2928 Murena
764 2877 793 2928 et
811 2872 884 2927 celle
909 2873 944 2928 de
969 2871 1033 2928 Sul-

69 2954 178 3025 picius
206 2952 281 3008 G'est
300 2952 327 3008 le
346 2953 483 3008 souvenir
500 2952 536 3008 de
551 2953 580 3008 la
607 2956 726 3024 pre'ture
748 2954 783 3009 de
804 2954 924 3010 liurena
944 2954 1030 3025 quia

71 3036 182 3108 engage'
202 3034 247 3090 les
267 3034 341 3090 bons
359 3035 508 3106 [citoyens,
534 3035 660 3105 eilraye's
684 3034 719 3090 de
741 3034 769 3089 la
785 3034 972 3105 conjuration
993 3035 1029 3090 de

86 3213 116 3267 .¹·
128 3210 223 3264 Aptior.
239 3211 350 3253 Formuie
360 3212 400 3264 qui
411 3211 518 3253 revenait
573 3211 685 3264 pinnulis.

67 3266 179 3313 murena,
195 3274 288 3307 comme
307 3265 365 3307 eirea
382 3274 443 3306 nous
458 3281 467 3299 κ
488 3274 517 3305 en
598 3263 618 3306 2.
633 3264 694 3305 Dico
706 3267 740 3305 011
752 3266 797 3306 sait
808 3264 820 3306 a
833 3265 888 3318 quoi
901 3264 949 3307 s'en
961 3267 1022 3309 tenir

68 3315 131 3363 t'dtet
152 3328 234 3361 nour
255 3317 316 3361 dans
329 3317 428 3372 l'esptce
451 3333 470 3358 o.
482 3318 516 3358 Gi.
572 3330 613 3360 sur
625 3319 657 3360 les
681 3316 839 3372 perpituelles
866 3320 1021 3362 rotestations

67 3371 160 3423 Brutus,
182 3380 258 3414 nxxrx
285 3369 344 3414 275:
373 3373 425 3421 Qua
449 3371 516 3414 dere
573 3369 602 3414 de
615 3372 728 3416 modestia
742 3383 787 3427 que
800 3372 839 3416 Cic
855 3384 897 3415 ron
909 3374 1024 3429 prodigue

66 3426 144 3482 egitur
155 3428 231 3467 autem
246 3404 311 3475 illoti,
323 3424 382 3479 qraeod
394 3426 470 3466 isaaritis
495 3426 516 3464 in
573 3425 632 3468 dans
641 3436 679 3468 ses
694 3427 802 3470 discours
813 3428 836 3472 et
847 3426 908 3471 dana
921 3438 958 3473 ses
969 3429 1024 3472 trai-

68 3479 119 3522 toeia
133 3478 196 3533 juria
221 3478 370 3521 consultorum
395 3478 518 3520 includitur
576 3479 750 3526 tesoruteires.
