2244 3848
116 228 171 287 tue
480 247 532 291 iss
554 248 705 292 nunninus

154 384 261 447 xxix.
277 384 615 460 attemperantur
627 387 783 459 metuere,
796 384 879 445 nibil
894 384 1058 461 suspicari:

112 472 181 532 dies
204 489 301 545 unus,
321 473 410 542 alter,
429 473 562 550 plures:
583 492 649 536 non
662 473 786 534 reterri.
811 476 892 535 Tum
911 474 1021 547 mittit,
1038 473 1062 533 sl

112 561 260 623 rideatur
274 564 293 634 ¹,
306 566 341 623 ut
353 561 476 625 reddat.
489 563 587 625 dubet
596 564 657 624 iste
669 564 834 641 posterius
843 564 884 624 ad
895 580 931 623 se
942 564 1061 625 reverti.

112 652 227 713 Mirum
244 652 292 712 illi
307 653 425 726 videri;
451 653 553 715 mittit
567 654 710 715 iterum:
732 671 799 714 non
822 653 981 715 redditur.
1000 655 1063 730 lpse

110 741 278 803 hominem
306 743 463 819 appellat;
489 748 591 820 roget,
615 747 652 802 ut
670 742 795 803 reddat.
821 742 889 803 0s²
912 742 1062 811 hominis,

111 830 339 907 insignemque
365 831 601 908 impudentiam
625 831 826 911 cognoscite.
848 832 943 903 Quod
964 833 1063 903 sciret,

110 921 197 998 quod
227 938 265 981 ex
294 922 364 998 ipso
399 939 474 1000 rege
505 922 651 984 audisset
674 923 707 982 in
729 922 888 999 Capitolio
913 939 988 984 esse
1014 940 1066 1000 pc-

109 1011 265 1082 nendum‚
295 1010 381 1088 quod
403 1011 474 1072 lovi
499 1012 629 1088 Optimo
654 1011 802 1085 Maximo,
835 1012 924 1089 quod
951 1010 1066 1089 populo

110 1101 255 1161 Bouiano
276 1101 397 1161 servari
417 1101 551 1176 videret,
569 1101 601 1161 id
626 1101 689 1162 sibi
711 1105 748 1161 ut
774 1100 921 1175 donaret,
944 1118 1066 1179 rogare,

110 1194 141 1250 et
156 1189 442 1251 vehementissime
459 1193 569 1267 petere
583 1190 691 1267 coepit.
708 1192 786 1250 Cum
804 1191 860 1250 ille
876 1207 924 1263 so,
949 1194 981 1251 et
999 1191 1069 1251 reli-

109 1279 206 1356 gione
239 1279 330 1341 Jovis
353 1279 535 1356 Capitolini,
565 1283 597 1340 et
623 1280 797 1341 homiuum
830 1279 1068 1341 existimatione

109 1369 259 1447 impediri
280 1369 412 1440 diceret,
428 1370 516 1446 quod
537 1370 648 1430 multae
665 1371 814 1431 nationes
837 1372 939 1430 testes
962 1373 1070 1431 essent

109 1459 199 1520 illius
222 1460 330 1537 operis
349 1477 386 1519 ao
406 1460 564 1533 muneris,
586 1461 646 1520 iste
667 1459 815 1520 homini³
837 1459 959 1519 minari
982 1476 1069 1520 acer-

109 1550 190 1609 rime
205 1549 310 1625 coepit.
329 1549 390 1608 Ubi
402 1549 489 1608 videt
505 1566 581 1608 eum
598 1549 701 1608 nihilo
720 1549 825 1627 magis
840 1549 954 1625 minis,
971 1566 1069 1626 quam

108 1638 260 1716 precihus
284 1639 479 1725 permoveri,
504 1644 636 1717 repente
656 1638 825 1710 bominem
844 1637 885 1703 de
899 1638 1070 1721 provincia

105 1728 198 1807 jubet
218 1732 291 1788 ente
317 1732 448 1789 noctem
471 1728 646 1801 decedere3
662 1728 707 1789 ait
727 1745 762 1788 se
787 1727 1013 1807 comperisse⁴
1033 1745 1070 1788 ex

108 1817 179 1895 ejus
195 1834 295 1893 regno
307 1816 317 1847 ⁵
328 1818 448 1896 piratas
463 1818 502 1879 ad
518 1817 662 1878 Siciliam
676 1835 748 1879 esse
762 1821 929 1885 venturos.
939 1818 990 1876 67.
1005 1818 1070 1877 Rex

108 1907 250 1969 maximo
272 1912 446 1982 conventu,
463 1908 643 1986 Syracusis,
666 1908 699 1967 in
719 1908 789 1968 foro
815 1904 868 1989 (ue
888 1907 963 1981 quis
987 1907 1069 1969 ferte

108 2013 160 2057 me
175 1996 208 2058 iu
224 1997 359 2057 crimine
371 1999 510 2059 obscuro
524 1997 657 2070 versari,
669 2000 764 2075 atque
776 1997 933 2074 affingere
944 1995 1070 2074 aliquid

108 2087 294 2171 suspicione
324 2087 496 2149 hominum
525 2084 719 2166 arbitretur),
746 2086 780 2147 in
806 2086 888 2159 foro,
919 2086 1066 2165 inquam,

107 2176 288 2254 Syracusis,
306 2178 386 2237 tiens
403 2195 439 2237 ac
462 2177 539 2237 deos
559 2176 774 2255 hominesque
790 2180 991 2249 contestanS,
1006 2175 1069 2236 cla-

107 2284 195 2328 mare
209 2267 316 2344 erupit,
334 2267 566 2328 candelabrum
588 2267 710 2326 factum
727 2283 744 2326 e
760 2265 912 2343 gemmis,
930 2265 1070 2345 quadiu

108 2356 299 2433 Capitolium
325 2356 489 2417 missurus
512 2359 609 2427 esset,
634 2356 720 2437 quod
741 2355 776 2419 in
803 2354 927 2433 templo
958 2354 1083 2417 claris·

108 2444 203 2517 simo,
221 2445 341 2522 populo
358 2446 503 2506 Bouiano
519 2449 770 2511 monumentum
795 2461 862 2512 suae
888 2443 1068 2516 societatis,

107 2533 324 2613 amicitiaeque
340 2551 413 2594 esse
425 2535 592 2604 voluisset,
610 2534 642 2593 id
658 2535 698 2599 ab
708 2551 742 2595 se
758 2534 791 2594 C.
807 2534 940 2595 Verrem
956 2533 1032 2601 abst
1055 2566 1069 2576 ·

106 2623 200 2695 lisso,
225 2624 264 2685 do
291 2625 407 2685 ceteris
433 2625 587 2702 operibus
605 2640 645 2682 ex
669 2641 748 2691 auro
769 2626 801 2683 et
825 2622 976 2699 gemmis,
995 2640 1068 2700 quae

107 2731 164 2775 sua
184 2730 283 2790 penes
307 2711 423 2775 illum⁶
450 2717 571 2786 essent,
588 2730 623 2772 se
644 2729 710 2773 non
729 2711 893 2785 laborare3
914 2711 979 2771 hoc
1004 2712 1067 2771 sibi

105 2804 197 2880 cripi,
214 2802 372 2865 miserum
389 2820 472 2873 esse,
490 2807 522 2864 et
537 2803 718 2881 indignum.
739 2801 774 2863 ld
798 2801 860 2861 etsi
883 2804 978 2861 antea
997 2801 1069 2879 jam

105 2896 213 2953 mente
234 2895 266 2951 ct
285 2891 479 2968 cogitatione
494 2909 553 2953 sua
567 2891 741 2968 fratrisque
757 2891 821 2964 sui,
835 2894 1066 2951 consecratum

105 3053 215 3094 xlixur.
239 3055 246 3093 l
264 3067 268 3092 :
286 3054 414 3092 Stracteros
434 3052 506 3091 riustri
525 3050 555 3091 ud
609 3050 725 3105 (Verris).

104 3108 238 3159 [humectum
263 3106 371 3160 prosette.
399 3118 446 3145 titur
478 3106 555 3146 innitor
635 3103 656 3146 [r.
666 3104 809 3157 conperisse.
819 3102 906 3146 Verres
916 3102 1070 3149 userad'ulle

106 3157 234 3201 rediissent.
611 3159 729 3200 calomnic
758 3157 888 3200 semblable
912 3158 993 3199 contre
1023 3158 1069 3198 Ga-

134 3213 154 3254 l.
168 3214 193 3251 Si
209 3211 319 3255 vidintur.
334 3230 342 3247 «
355 3213 379 3253 Si
391 3213 441 3254 cilo
452 3212 485 3253 lui
497 3222 556 3255 seur-
610 3212 665 3253 rius
679 3211 720 3250 tlte
733 3210 863 3264 Suppliciis,
877 3222 936 3252 uxrr.
952 3208 1010 3261 tet).

106 3265 142 3307 hlr
156 3266 212 3310 lruu.
228 3283 236 3301 r
250 3266 362 3309 Formulr
375 3266 402 3308 de
416 3267 534 3318 polluisse.
638 3264 660 3307 5.
673 3265 758 3315 ltaque.
768 3264 902 3311 Antiochus
912 3263 1003 3305 rr'uvait
1013 3264 1069 3317 plus

130 3317 152 3359 i.
171 3320 210 3361 tu.
225 3318 397 3366 L'utlrontcrir,
412 3320 432 3361 le
448 3320 510 3373 stertit
530 3320 558 3361 de
614 3319 642 3360 de
656 3329 775 3372 royauruc.
791 3317 904 3371 puisqu'il
916 3316 1007 3359 rr'avuit
1026 3328 1070 3371 pas

107 3370 203 3415 turris.
221 3390 230 3409 a
240 3373 315 3420 Quiri!
330 3384 390 3415 virus
401 3384 456 3416 arez
465 3373 486 3415 le
494 3375 557 3468 (iant
614 3373 701 3413 olrtruu
713 3383 758 3425 qur
771 3372 793 3413 la
805 3366 956 3424 Ripirblique
967 3370 1001 3412 lui
1014 3381 1069 3415 rcu-

106 3423 134 3465 dr
148 3428 243 3467 trouver
260 3425 311 3467 cola
332 3426 404 3467 lauru!
421 3446 430 3461 η
443 3428 491 3469 thio
503 3426 558 3475 irre,
615 3424 647 3467 dit
661 3425 682 3466 la
700 3426 776 3478 Syrie.

106 3476 273 3530 Alisontia-iqua
288 3479 306 3519 Ι,
319 3480 353 3531 u.)
640 3478 664 3521 s.
682 3480 728 3518 Suo
740 3478 763 3530 (a
782 3479 822 3520 lui.
843 3476 985 3531 Antiochus)
999 3486 1068 3532 penes

132 3531 154 3577 3.
171 3530 217 3574 Iste
242 3532 292 3583 riui,
317 3532 457 3587 Antiochus)
479 3533 561 3575 ttondit
616 3532 676 3573 ittam
692 3532 733 3585 (au
748 3533 847 3587 pouroir
860 3529 889 3575 de
901 3530 945 3581 lul,
955 3530 1066 3583 Verres).
