2244 3848
263 99 288 159 a*
307 124 320 153 «
338 117 424 160 acrio
445 118 579 163 saeuum
602 120 631 161 m
653 122 680 161 c.
705 120 826 162 rsaaau
845 128 858 153 a
984 101 1037 159 tu

76 269 133 328 go,
159 252 287 328 inquiet
302 253 432 329 aliquis,
456 252 586 313 donarit
600 255 721 330 populo
736 254 937 329 Syracusano
955 252 1041 312 illam

75 341 307 403 hereditatem.
331 341 489 411 Primum,
515 343 543 403 si
568 342 601 401 id
623 344 770 403 confiteri
796 343 905 412 velim,
935 348 1042 401 tamen

75 431 181 495 istum
193 430 420 493 condemnetis
435 448 571 493 necesse
591 438 658 505 est;
673 449 778 509 neque
801 433 887 491 enim
903 432 1044 509 permis·

76 539 153 581 suin
170 524 232 593 est,
248 525 284 580 ut
299 519 432 597 impune
450 521 548 581 nohis
567 521 674 595 liceat,
698 519 784 597 qtiod
804 520 899 579 alicui
916 520 1043 596 eripue-

78 608 199 677 rimus.
215 608 250 669 id
264 608 356 670 alteri
371 608 509 669 tradere.
527 611 646 670 Verum
662 626 702 670 ex
722 610 781 669 istu
807 609 973 686 reperietis
991 609 1045 669 he-

78 696 218 761 reditate
234 698 333 757 istum
350 698 393 758 ita
407 697 597 776 praedatum,
616 702 650 758 ut
675 716 835 777 perpauca
851 699 975 758 occulte
996 697 1044 757 se·

78 787 172 859 cerit,
196 785 354 864 populum
381 785 514 864 quidem
537 787 774 865 Syracusanum
804 787 838 846 in
866 787 1042 845 mamurum

79 875 239 937 invidiam
269 892 328 935 sua
364 875 510 947 infamia,
535 875 640 937 alieno
672 875 806 954 praemio
834 873 1040 952 pervenisse,

78 981 203 1043 paucos
220 963 452 1040 Syracusanos,
470 980 538 1037 eos,
558 964 613 1042 qui
629 982 715 1025 nuno
736 981 771 1025 se
787 964 915 1041 publice
932 963 1041 1023 lauda-

77 1053 180 1115 tionis
195 1069 294 1112 causa
309 1054 438 1113 venisse
454 1052 576 1127 dicunt,
594 1058 624 1113 et
642 1059 710 1113 tum
731 1053 904 1131 participes
927 1051 1041 1129 praedae

76 1142 197 1214 tuisse,
221 1145 253 1200 et
275 1157 373 1214 atino,
393 1157 459 1202 nou
479 1141 518 1203 ad
545 1142 640 1201 istius
660 1142 890 1215 luridationem,
918 1141 973 1199 sed
1003 1141 1041 1200 ad

76 1247 291 1293 communem
307 1231 413 1290 litium
429 1231 679 1292 aestimationem
689 1229 703 1310 {¹
722 1231 860 1291 vonisse.

115 1320 334 1395 Posteaquam
348 1318 519 1379 damnatus
536 1324 585 1380 est
600 1320 729 1392 absens,
746 1336 814 1378 non
833 1318 940 1376 solum
957 1316 1043 1375 itlius

76 1406 281 1480 hereditatis,
291 1406 410 1485 deque
424 1407 659 1487 ambigebatur,
674 1413 821 1484 qtiteerat
838 1406 887 1465 Hs
899 1405 1042 1469 triciens.

78 1498 135 1559 ead
171 1496 320 1556 omnium
342 1497 502 1557 bonorum
530 1502 736 1574 paternorum
765 1495 869 1572 ipsius
896 1493 1043 1566 Heraclii,

80 1604 153 1664 quaa
174 1600 242 1644 non
261 1585 369 1645 minor
392 1591 459 1645 erat
481 1585 628 1664 pecunia,
651 1585 807 1662 pahrstrae
828 1582 1044 1661 Syracusano-

81 1675 242 1748 rum,hoo
257 1679 317 1746 est,
327 1674 551 1753 Syracusanis,
569 1673 736 1752 possessio
747 1673 892 1732 traditur.
904 1676 952 1732 te.
969 1673 1044 1744 Quia

82 1769 131 1825 est
152 1764 217 1824 ista
236 1768 374 1840 praetura
390 1764 422 1823 ²?
440 1762 545 1842 Eripis
566 1763 791 1836 hereditatem,
818 1780 888 1839 quta
914 1769 1041 1822 venerut

81 1872 98 1915 a
119 1853 319 1933 propinquo,
346 1857 481 1912 uenerat
508 1855 717 1925 testamento,
741 1856 872 1912 venerat
897 1852 1042 1927 legihus3

81 1961 153 2021 quer
170 1942 256 2001 hona
272 1942 312 2016 is,
328 1942 383 2019 qui
399 1946 629 2002 testamentum
645 1940 775 2005 iecerat.
792 1941 868 1999 huic
886 1941 1042 2013 heraclio,

79 2031 249 2109 ¹aliquanto
270 2034 343 2089 ante
365 2048 461 2107 quam
484 2036 533 2090 est
552 2035 712 2102 mortuus,
730 2029 840 2087 onmia
865 2029 984 2087 utenda
1008 2045 1043 2088 ac

82 2119 283 2199 possidenda
295 2119 468 2180 tradiderat
480 2122 502 2193 ³,
513 2119 607 2197 cujus
624 2117 823 2191 hereditatis,
837 2135 911 2177 cum
923 2118 974 2176 ille
991 2117 1045 2176 ali-

82 2214 204 2289 quanto
218 2212 292 2268 ante
307 2214 337 2269 te
355 2213 527 2285 praetorem
544 2213 632 2269 esset.
646 2212 807 2278 mortium,
824 2207 1044 2267 controversia

83 2300 188 2359 iuerat
202 2299 302 2373 nulla,
318 2298 518 2358 mentionem
534 2298 656 2358 fecorat
670 2314 776 2357 nemu.

123 2407 204 2467 XIX.
221 2407 340 2465 Verum
357 2408 438 2477 esto,
454 2406 542 2481 eripe
558 2405 771 2464 hereditatem
789 2405 991 2482 propinquis,
1008 2404 1045 2463 da

84 2492 281 2573 palastrias,
297 2491 440 2569 praedare
452 2493 483 2552 in
500 2492 594 2551 honis
609 2491 732 2564 alienis,
747 2492 879 2551 nomine
894 2492 1043 2557 civitatis,

88 2586 193 2642 everte
208 2581 309 2659 lagae,
325 2583 530 2652 testamenta,
547 2581 728 2640 voluntates
744 2586 959 2653 mortuorum,
972 2580 1046 2656 jura

89 2670 252 2739 ritorum3
276 2684 355 2727 nuru
375 2668 472 2728 etiam
493 2668 606 2745 patriis
621 2667 805 2728 Heraclium
825 2669 919 2727 bonis
941 2672 1046 2726 extrar-

90 2758 161 2819 hare
187 2756 355 2836 oportuit‘.>
371 2757 430 2827 Qui
457 2757 612 2817 simulac
641 2757 795 2834 profugit,
819 2776 917 2833 qtiam
941 2756 1045 2832 impu-

93 2844 208 2917 denter,
235 2862 332 2922 quam
356 2846 475 2923 palam,
502 2861 600 2921 quiam
621 2846 749 2915 acerbo,
767 2845 811 2904 dii
832 2845 1043 2909 inmiortulos,

31 2948 33 2953 ·
93 2933 139 2995 ttta
157 2936 241 2995 bona
262 2932 385 3011 direpta
406 2935 498 2993 sunt!
517 2952 613 3010 quum
635 2935 686 2993 illu
707 2952 757 2995 res
774 2934 959 2993 calamitosa
986 2936 1045 2992 tte-

112 3081 238 3138 'riodiquee
253 3083 283 3125 aa
297 3086 349 3126 som
362 3081 445 3137 inpius
462 3086 537 3125 tontes
594 3081 738 3127 tattaeus
761 3085 822 3137 juria
848 3084 918 3124 virttis·
943 3086 1002 3126 ttuir
1023 3085 1043 3125 iu

129 3136 224 3181 affaires
232 3136 273 3180 dt‘s
283 3137 384 3178 civitates
399 3137 430 3178 du
441 3140 537 3186 russort,
593 3138 670 3180 notre·
686 3138 713 3178 dr
728 3138 750 3178 la
762 3149 820 3190 pavo
832 3137 887 3189 atta.
903 3138 930 3178 tlu
940 3150 965 3178 ru
985 3138 1047 3179 «taut

98 3189 122 3231 ici
131 3191 162 3233 du
171 3194 263 3234 ressort
273 3191 301 3233 de
312 3191 438 3244 ssi-aum.
594 3203 639 3245 (pru
652 3189 738 3232 turres
752 3170 812 3232 virise
824 3203 881 3232 sarrs
892 3202 965 3232 cesso.

121 3247 135 3284 Ι.
153 3242 237 3285 Litium
252 3244 429 3285 rationationem.
446 3244 503 3286 t'uir·
517 3244 538 3286 ta
620 3248 640 3285 3.
656 3242 800 3295 Tradiderat.
816 3245 847 3286 Li·
857 3248 970 3286 trstutour
981 3245 1044 3286 aruit

99 3298 143 3339 rote
155 3298 166 3341 i
178 3298 207 3341 de
220 3298 243 3340 lu
254 3306 314 3352 page
325 3294 371 3340 tto.
594 3298 622 3338 du
634 3309 677 3339 sou
688 3298 777 3343 vivant.
787 3297 864 3340 donni·
876 3299 896 3339 ta
907 3298 1045 3352 juuissunce

118 3346 139 3393 ss.
154 3350 274 3392 Prrturo:
296 3368 305 3387 u
328 3350 409 3401 Quohr
434 3349 539 3393 mamere
595 3353 616 3392 rt
629 3352 652 3393 la
664 3351 839 3403 larissensioudo
850 3353 965 3393 sestariis
976 3351 988 3392 h
1003 3362 1044 3392 ¹sou

100 3399 208 3448 d'exercer
218 3406 243 3447 la
254 3404 360 3459 protare!
372 3418 384 3447 a
398 3405 429 3446 ho
446 3401 540 3459 priteur
595 3403 704 3448 limatior.
