2250 3818
131 305 170 356 us
194 318 206 349 u
232 307 287 355 eno
309 305 337 355 r.
363 303 584 353 admonitore
608 316 622 345 »
794 290 851 359 tal

165 582 220 636 La
238 579 336 636 mort
355 579 400 635 de
420 576 577 635 Clodius.

68 832 74 843 .
89 785 261 864 Reliquum
272 789 333 857 est,
342 784 481 861 judices,
497 789 533 843 ut
543 784 623 843 nihil
631 784 699 861 jaim
711 792 874 863 quaerero

60 875 164 947 realis,
183 875 246 934 nisi
268 880 339 933 uter·
357 874 421 932 utri
448 872 582 933 insidias
600 873 742 933 lecerit¹.
765 874 856 945 Quod

61 965 124 1024 lius
158 963 380 1043 argumentis²
403 963 586 1041 perspicere
616 962 762 1039 possitis,
787 980 858 1027 rem

60 1054 125 1113 abis
142 1054 220 1112 dum
236 1053 377 1113 breviter
391 1069 528 1129 expone,
552 1069 673 1129 (lirrosa,
689 1050 860 1133 diligenter

60 1250 187 1311 Clodius
202 1268 277 1311 oum
292 1250 459 1309 statuisset
480 1249 568 1309 omni
585 1250 705 1309 soelero
731 1250 764 1311 iu
779 1266 859 1327 prie-
881 1284 887 1295 ·

65 1357 96 1397 ro
110 1357 179 1398 rem
193 1339 369 1415 publicam,
387 1337 575 1414 videretque
602 1338 645 1396 ita
665 1342 766 1397 tracta
787 1354 860 1399 osso

65 1445 149 1486 anno
163 1426 342 1504 superiore,
359 1431 475 1485 utnon
491 1427 611 1485 multos
627 1442 756 1486 menses
778 1443 861 1505 prm-

62 1533 131 1575 rore
147 1522 268 1592 posset,
292 1515 346 1591 qui
367 1532 432 1574 uon
453 1514 587 1574 honoris
610 1513 745 1591 gradum
767 1531 861 1593 speo-

64 1605 154 1677 eteri‚
172 1604 227 1664 sed
253 1609 284 1665 et
308 1607 339 1663 t.
368 1604 525 1663 Pauluml
546 1604 703 1679 collegam
721 1604 861 1682 effugere

60 1694 176 1770 rgulari
193 1695 309 1753 virtuto
322 1693 438 1761 civem,
456 1699 623 1753 alannum
640 1693 804 1770 integrum
823 1691 864 1754 ad

60 1783 140 1842 idam
154 1782 402 1860 rempublicam
419 1789 588 1859 quaereret,
606 1782 714 1843 subito
734 1782 865 1860 reliquit

59 1889 136 1930 uum
147 1873 168 1944 ὅ,
187 1889 286 1948 seque
300 1872 333 1930 in
348 1888 468 1931 annum
485 1871 672 1948 proximum
688 1872 864 1944 transtulit,

60 1963 91 2034 it,
109 1959 265 2038 religiono
280 1959 397 2036 aliqua,
414 1959 470 2019 sod
486 1965 521 2020 ut
533 1960 677 2028 liaberet,
695 1962 783 2038 quod
794 1961 864 2041 ipso

66 2049 107 2108 'ad
132 2054 306 2125 praeturam
331 2049 517 2125 gerendam,
545 2050 607 2109 hoc
632 2054 681 2110 est
705 2051 743 2111 od
773 2068 865 2112 ever*

60 2155 110 2195 am
122 2138 297 2214 publicam,
307 2138 440 2214 plenum
450 2155 572 2197 annum
582 2144 679 2214 alque
690 2139 865 2215 integrum.

62 2246 210 2305 currebat
235 2245 262 2304 ei
291 2262 441 2305 mancam
468 2263 504 2304 ao
530 2245 670 2304 debilem
693 2250 866 2323 praeturam
938 2234 941 2239 ’

73 2352 177 2406 suam,
202 2334 335 2393 consulo
362 2334 494 2407 Milone;
517 2352 592 2394 eum
617 2352 713 2412 porro
735 2352 866 2395 summo

60 2424 190 2501 ipopuli
209 2423 343 2482 Romani
359 2424 528 2483 consulem
546 2424 614 2482 lieri
629 2423 767 2484 videbat.
786 2425 868 2485 Con-

60 2513 82 2570 d
99 2513 170 2589 eius
187 2513 417 2589 competitores
430 2514 450 2584 ¹³,
469 2513 593 2585 sedita,
617 2518 717 2574 lolam
737 2517 774 2573 ut
787 2515 869 2593 poti-

64 2682 83 2720 ri
97 2680 192 2720 insidior·
202 2681 361 2749 simeriac'ost
417 2681 442 2723 L.
458 2682 570 2724 2Emilius
596 2681 695 2731 Paulus,
708 2682 813 2725 membre
834 2683 871 2724 in·

60 2735 79 2777 le
103 2737 165 2778 laute
193 2737 361 2789 lurgumonta-
416 2734 531 2778 llnenldn
555 2735 615 2788 parti
637 2735 678 2778 des
696 2734 871 2796 ‹iprniuupalnl

60 2791 117 2830 acal.
416 2799 449 2830 un
462 2789 504 2831 des
514 2790 669 2831 accusaleurs
687 2789 715 2831 do
725 2788 828 2833 Catilina
841 2800 872 2833 en

60 2841 119 2881 »uria
132 2841 178 2885 Las
191 2852 293 2895 preuves
304 2842 362 2885 dont
415 2841 453 2887 63:
464 2838 558 2895 prdteur
578 2854 590 2885 u
609 2840 646 2884 rds
656 2842 723 2885 aruir
741 2836 827 2885 eremi
847 2841 873 2884 lu

62 2907 91 2937 un
116 2908 146 2937 ra
170 2896 218 2938 etro
248 2894 360 2948 proemio
416 2897 529 2949 questore
540 2907 569 2939 on
581 2853 726 2943 llucddoino
739 2896 754 2938 il
767 2896 804 2938 rut
818 2904 872 2937 oon-

73 2947 114 2991 des
125 2949 190 2991 lails.
416 2950 452 2992 sul
464 2960 494 2992 en
504 2949 530 2992 5⁰
541 2960 598 2991 aveo
611 2949 635 2990 C.
647 2948 762 2993 Claudius
772 2948 872 2991 liuroel

64 3035 68 3044 .
83 3002 139 3043 loir
156 3002 180 3044 la
200 3004 254 3045 nole
267 3001 280 3043 6
292 3002 320 3045 do
338 3003 360 3044 la
416 3003 462 3045 lus.
475 3004 564 3046 Neutro
574 3004 640 3046 entre
649 3000 815 3046 Ce'sarelPom
832 2996 870 3049 te.

60 3056 159 3098 eenricus
171 3053 201 3096 olr
213 3056 362 3098 seloisaiont
417 3055 523 3109 pendant
544 3057 568 3099 la
591 3066 678 3109 guerro
704 3055 787 3103 civile.
805 3012 874 3099 illut

65 3120 75 3149 s
95 3107 136 3149 ilos
159 3109 256 3151 consuls
277 3111 299 3151 et
320 3109 361 3153 des
417 3106 555 3161 snirpponnd
573 3108 662 3151 d'aroir
679 3108 760 3151 vendu
777 3120 803 3151 su
816 3118 874 3151 nou-

60 3163 134 3205 mirurl
149 3161 207 3204 duri·
223 3162 277 3214 plus
299 3161 361 3205 dela
419 3162 504 3204 truliti.

64 3214 165 3259 l’ninrde.
183 3214 194 3256 il
222 3226 294 3258 cause
321 3215 361 3258 des
443 3215 463 3258 5,
479 3216 567 3255 ,larium
581 3228 652 3256 sirion.
666 3217 784 3265 Quesleur
795 3225 825 3259 en
839 3211 873 3263 tl.

60 3266 153 3311 iscitdes
174 3279 215 3322 par
231 3269 327 3311 Clodius
341 3271 363 3312 et
418 3268 479 3310 odilo
490 3269 574 3311 curalo
585 3267 656 3317 entd,
668 3267 765 3311 Clodius
776 3268 875 3322 pouvnit

65 3325 109 3366 les
120 3323 218 3365 consuls
230 3327 252 3365 ol
263 3323 297 3365 los
312 3319 362 3375 pri·-
418 3323 466 3365 dire
477 3321 606 3375 prdleuron
615 3320 648 3372 53,
658 3334 772 3371 «rumano,
783 3320 876 3419 dapnis

60 3380 62 3416 Ι
78 3387 107 3419 uo
123 3376 252 3430 pouraienl
264 3386 363 3422 armum·
417 3377 441 3418 la
459 3375 494 3416 lei·
525 3375 593 3417 l'illia
607 3376 706 3418 conradis.
723 3376 764 3430 qui
780 3372 819 3419 dia
836 3374 876 3419 lis·

60 3441 119 3484 iqua
135 3428 240 3483 pendant
261 3431 362 3472 lesden·
419 3429 466 3471 sau
485 3440 517 3471 uu
546 3428 671 3472 interuallo
695 3428 724 3473 de
745 3428 809 3473 doux
831 3438 875 3473 ans

64 3484 91 3527 de
108 3479 207 3526 l'uunee.
418 3484 484 3525 entre
499 3482 561 3525 deux
569 3484 756 3537 inagistrulurss
764 3482 881 3543 eurixias.

62 3537 121 3579 illini.
147 3536 219 3583 mere
244 3536 274 3579 du
296 3538 363 3579 l'utur
446 3534 533 3581 &Com
551 3534 899 3591 eruoruuosaomneutom

60 3592 77 3633 11
105 3589 219 3631 AE1¹1lll¹¹⁸
243 3586 360 3645 Lepidum
422 3588 516 3637 duem
525 3548 561 3637 1¹³³
577 3590 702 3636 Plautius
715 3587 909 3643 importuosum
