2250 3818
291 231 328 273 na
351 238 366 267 «
384 231 537 276 murano
559 233 590 277 nr
610 232 639 284 o.
663 231 808 277 cncranm
825 237 838 264 a
987 214 1042 271 125

79 367 213 427 ritatem
230 364 423 424 desiderant.
436 365 580 442 Populus
590 367 755 426 Romanus
767 365 901 437 interca,
914 363 1043 423 tametsi

78 455 197 516 multis
222 453 468 514 incommodis¹
494 454 803 531 difficultatibusque
823 453 955 513 affectus
983 456 1043 524 est,

75 550 189 606 tamen
208 544 290 603 nihil
302 561 392 620 aeque
409 545 440 602 in
459 545 648 621 republica,
675 549 770 622 atque
794 544 882 603 illam
901 547 1043 603 veterem

73 635 281 713 judiciorum
296 633 361 691 vim
383 634 638 711 gravitatemque
664 633 811 711 requirit.
825 632 1043 692 *iudiciorum

76 723 243 787 desiderio
259 723 434 783 tribunicia
449 727 593 801 potestas
610 724 620 757 2
637 723 811 800 efflagitata
826 729 885 794 est,
905 722 1045 798 judicio-

77 831 153 875 rum
177 813 309 874 levitate
333 811 411 872 ordo
437 830 565 890 quoque
599 813 683 872 alius
713 812 752 872 ad
777 829 828 871 res
851 811 1044 888 judicandas

79 903 278 982 postulatur,
318 901 467 978 judicum
498 903 593 981 culpa
621 907 716 980 atque
751 902 907 962 dedecore
947 902 1043 961 etiam

81 993 275 1056 censorium
307 993 463 1064 nomen³‚
499 993 585 1069 quod
620 993 768 1071 asperius
804 997 897 1052 antea
926 993 1045 1068 populo

81 1082 186 1143 videri
217 1082 354 1153 solebat,
375 1082 407 1141 id
431 1099 518 1142 nunc
541 1082 697 1159 poscitur,
727 1082 758 1142 id
787 1083 856 1158 jaim
886 1081 1043 1159 populare

83 1176 114 1233 et
130 1171 308 1250 plausibile
323 1170 445 1230 factum
461 1175 520 1231 est.
542 1174 570 1230 9.
596 1173 631 1231 ln
646 1172 705 1232 hac
726 1172 857 1232 libidine
874 1171 1044 1230 hominum

83 1261 410 1332 nocentissimorum,
428 1261 462 1319 in
486 1262 598 1338 populi
621 1262 758 1321 Romani
781 1260 941 1321 cotidiana
965 1278 1045 1336 orre-

84 1352 240 1422 rimonia‚
271 1350 471 1427 judiciorum
497 1350 640 1424 infamia,
669 1353 769 1410 totius
800 1350 923 1409 ordinis
947 1349 1044 1407 oileu-

84 1442 177 1502 sione
191 1442 213 1513 ⁴,
227 1457 301 1500 cum
319 1439 379 1498 hoc
390 1457 492 1498 unum
508 1440 560 1499 his
573 1444 620 1499 tot
634 1438 849 1500 incommodis
861 1438 1043 1498 remedium

84 1548 157 1591 esse
190 1530 373 1602 arbitrarer,
411 1533 448 1588 ut
474 1530 624 1588 homines
656 1529 763 1588 idonei
802 1533 897 1604 atque
928 1528 1043 1604 integri

83 1637 218 1681 causam
234 1619 280 1678 rei
297 1618 433 1694 publicae
450 1618 624 1696 legumque
641 1620 854 1696 susciperent,
871 1618 974 1677 fateor
990 1635 1042 1676 me

85 1710 198 1770 salutis
211 1707 359 1768 omnium
374 1710 473 1767 causa
488 1708 527 1767 ad
544 1725 616 1767 eam
644 1712 767 1786 partem
787 1708 967 1768 accessisse
997 1707 1042 1767 rei

85 1799 224 1876 publicae
236 1797 453 1870 sublevandae,
464 1816 535 1875 quae
544 1798 686 1857 maxime
695 1799 867 1858 laboraret.
877 1797 926 1856 ld.
939 1798 1041 1870 Nunc,

38 1894 42 1903 '
86 1889 252 1965 quoniam,
274 1886 394 1963 quibus
416 1888 513 1947 rebus
539 1887 699 1947 adductus
718 1888 756 1947 ad
779 1905 910 1947 causam
938 1903 1044 1947 acces-

38 1995 40 2005 ·
88 1979 196 2050 serim,
222 1977 440 2036 demonstravi
457 1974 479 2050 ⁵,
514 1976 688 2037 dicendum
716 1977 901 2037 necessario
930 1981 979 2036 est
1005 1977 1043 2036 de

89 2066 292 2127 contentione
324 2070 445 2140 nostra,
483 2071 519 2126 ut
549 2067 581 2124 in
605 2066 832 2126 constituendo
858 2071 1043 2126 accusatore

92 2156 162 2232 quid
178 2156 273 2233 sequi
289 2155 422 2232 possitis
435 2155 595 2215 habeatis.

123 2300 200 2354 Dans
214 2299 244 2352 la
259 2300 462 2352 Connauarron
479 2298 592 2369 (iv-xv),
608 2299 731 2352 Cicdron
751 2299 853 2353 etablit
866 2298 926 2368 'que
948 2302 1044 2354 toutes

93 2376 129 2434 les
144 2379 228 2434 villes
257 2378 292 2432 de
317 2378 416 2450 Sicile,
441 2379 458 2434 a
481 2379 657 2450 l'exception
682 2380 718 2434 de
744 2380 829 2446 deux,
855 2381 998 2450 Syracuse
1015 2383 1044 2434 et

57 2518 61 2525 ,
96 2459 237 2527 resanat,
253 2458 324 2512 l'ont
340 2459 433 2514 chaisi
450 2475 564 2515 comme
581 2464 753 2514 accusateur
766 2459 801 2513 de
818 2459 932 2513 Verres.
950 2461 983 2513 Et
996 2476 1044 2513 ces

97 2538 160 2595 deux
175 2539 261 2594 villes
274 2544 340 2593 sont
353 2540 397 2594 les
411 2539 569 2611 complices
583 2540 634 2595 des
649 2539 858 2610 depredations
868 2540 902 2594 de
918 2539 1044 2594 l'ancien

97 2622 213 2688 pre'teur.
230 2621 269 2675 La
288 2619 404 2674 volante
421 2620 473 2675 des
489 2621 624 2675 Siciliens
637 2621 699 2675 doit
714 2621 774 2675 titre
792 2621 952 2690 respectae.
971 2620 1045 2674 C'est

98 2714 125 2754 en
136 2701 347 2756 connaissance
363 2701 398 2755 de
412 2717 499 2756 cause
512 2701 598 2772 qu'ils
612 2700 774 2756 reclament
791 2700 913 2755 Cicdron
930 2717 1043 2754 nonime

117 2833 134 2877 l.
147 2833 305 2878 lucano-nodia.
318 2836 350 2878 Le
361 2835 421 2878 droit
434 2836 539 2890 deiugor
595 2840 633 2880 ton
646 2837 667 2878 le
682 2847 794 2885 censeam
812 2836 876 2890 Sylla
887 2837 1009 2889 supprimo
1023 2838 1044 2879 la

100 2887 165 2931 caleri
180 2901 227 2931 aux
240 2890 386 2931 chevaliers:
397 2890 419 2931 la
429 2900 539 2943 suppres-
594 2901 704 2934 censure.

102 2940 139 2983 sion
150 2944 177 2985 de
189 2943 210 2984 la
231 2952 334 2985 censure
352 2946 374 2985 ct
389 2943 420 2986 du
440 2945 539 2998 pouroir
621 2947 642 2987 l.
663 2943 917 3006 (rffcrisianotdeseodo.
930 2944 1043 2997 heilrico,

103 2990 132 3035 des
142 2997 238 3039 tribune.
595 3011 606 3038 u
622 2998 715 3039 l'actrou
727 2997 894 3044 delibuitur»,
909 2999 930 3039 la
941 2997 1046 3040 manilii-n

120 3045 137 3089 t.
152 3049 279 3090 Titinnicia
302 3054 411 3103 potestas.
430 3052 474 3094 Les
499 3052 538 3093 tri-
595 3051 653 3094 dont
666 3051 750 3093 l'ordre
762 3050 889 3093 sdnatorial
902 3055 952 3093 tout
961 3052 1045 3099 entier,

102 3096 149 3160 lans
162 3103 189 3146 de
206 3105 228 3146 la
247 3103 317 3156 plebe
339 3105 433 3147 avaient
448 3105 470 3147 le
484 3114 540 3156 pou·
595 3105 707 3148 solidairc
720 3104 748 3147 de
759 3116 822 3148 ceux
837 3104 864 3146 de
874 3115 912 3147 ses
929 3106 1045 3148 membres

102 3161 140 3196 ion
153 3155 179 3199 de
195 3166 244 3197 reto
257 3161 280 3200 et
295 3156 448 3199 d'iaterceario
459 3159 540 3205 linter·
594 3159 635 3212 qui
651 3161 762 3201 exercent
773 3157 914 3211 losjadicia,
929 3159 1011 3201 henr-te
1023 3160 1043 3202 le

104 3210 282 3253 rentionlcontre
293 3214 343 3253 tout
353 3213 404 3253 acle
412 3211 452 3252 des
459 3213 539 3254 autres
594 3213 656 3255 droit
671 3214 694 3254 ct
708 3211 813 3265 l'dquitc'.

104 3264 242 3311 marianas:
266 3275 293 3306 ce
316 3265 415 3318 pouvoir
433 3265 486 3307 leur
504 3265 540 3308 lut
619 3265 641 3308 5.
669 3265 910 3308 Demonso·m=t.l'oi1·
929 3265 1046 3308 l'Exonnn

105 3314 171 3357 rulers·
185 3328 227 3371 par
238 3318 314 3372 Sylla.
596 3318 628 3361 du
642 3319 688 3359 I'ro
701 3318 778 3359 [docio
790 3320 895 3359 ,liner-iao
906 3333 910 3359 :
922 3329 950 3360 en
966 3318 1046 3362 ddleu-

123 3367 139 3412 i.
150 3370 274 3411 t'oisoriam
293 3384 381 3415 aranea.
400 3371 432 3414 Le
442 3372 541 3423 pouvoir
596 3372 654 3415 dant
669 3372 702 3414 les
724 3373 847 3417 Siciliens.
869 3372 966 3415 Gicdron
982 3373 1044 3415 elidit

105 3417 235 3469 lucensem
249 3425 308 3468 etait
328 3424 409 3473 ’rand3
426 3435 469 3467 son
486 3436 541 3467 nom
596 3437 643 3467 aux
656 3428 746 3469 memes
759 3426 839 3468 motits
850 3427 891 3480 qui
906 3426 940 3468 lui
951 3429 991 3468 ont
1001 3427 1043 3469 fait

106 3474 237 3529 minutalia,
257 3437 338 3532 quand
362 3488 388 3520 cc
408 3488 463 3520 nom
486 3478 542 3521 elait
597 3478 710 3521 delendae
721 3479 773 3521 Sex.
783 3479 895 3522 Roscius.

106 3527 154 3572 celui
167 3532 221 3575 d'un
238 3532 364 3585 magistrat
373 3531 444 3585 digne
458 3531 486 3574 de
501 3532 541 3574 Ca·
622 3531 644 3576 6.
660 3533 719 3578 Voir
733 3544 795 3592 page
805 3532 842 3579 ll.
