2250 3818
117 244 177 302 370
222 259 279 301 ntes
301 256 443 301 biscobtts
466 252 668 301 consummes
689 250 751 298 aux
773 249 977 303 rulttrrlouns

118 395 183 449 tiles
210 391 436 462 appartenaient
451 405 579 461 presque
601 393 665 444 tous
688 403 726 443 au
748 387 855 454 senat:
881 392 947 442 tous
970 386 1057 442 etaient

117 475 265 531 membres
293 473 344 526 des
371 471 501 526 femilles
531 470 732 542 patriciennes
769 469 821 539 qui
849 469 1010 540 exerraieut
1030 482 1057 522 su

119 556 209 611 Srinat
220 570 279 609 une
295 553 445 609 intluenoe
460 551 615 617 indirecte,
629 550 704 605 mais
718 549 853 622 legitime
869 555 898 605 et
919 551 1056 622 puissaute.

314 814 404 872 Rble
423 812 602 883 potitique
623 814 689 870 des
708 810 883 882 pontisas.

160 1007 184 1065 l.
209 1007 237 1064 1.
262 1005 341 1064 Cum
358 1001 461 1061 multa
477 1001 645 1076 divinitus,
666 1002 851 1078 pontificos,
867 1020 886 1061 a
901 999 1056 1079 majoribus

119 1095 238 1154 nostris
257 1095 387 1153 inventa
409 1096 506 1169 atque
529 1091 677 1151 instituta
690 1094 777 1163 sunt,
805 1094 875 1150 tum
895 1091 975 1151 nihil
993 1105 1056 1168 pre·

119 1183 249 1252 elarius
269 1199 366 1258 quam
389 1181 476 1257 quod
501 1181 634 1241 eosdem
656 1185 687 1240 et
706 1178 924 1257 religionibus
944 1180 1057 1240 deorum

119 1271 366 1342 immortalium,
387 1275 418 1330 et
439 1287 577 1330 summae
590 1270 636 1329 rei
650 1269 788 1346 publicae
812 1286 953 1346 praeesse
968 1268 1058 1328 volue-

117 1367 203 1435 runt,
228 1365 264 1420 ut
288 1360 483 1437 amplissimi
508 1363 540 1419 et
570 1358 744 1419 clarissimi
774 1360 862 1419 cives
892 1357 1060 1436 republica

116 1453 197 1511 bene
212 1450 351 1529 gerenda
367 1449 553 1526 religiones
570 1448 783 1525 religionibus
798 1449 963 1526 sapienter
978 1449 1057 1507 inter-

117 1541 282 1617 pretandis
302 1557 373 1600 rem
398 1540 563 1617 publicam
585 1543 827 1599 conservarent.
850 1539 943 1610 Quod
963 1539 988 1598 si
1006 1536 1059 1596 ullo

117 1635 262 1708 tempore
281 1648 399 1706 magna
418 1647 518 1690 eausa
531 1631 564 1689 in
585 1628 919 1707 sacerdotumpopuli
942 1625 1058 1689 Romani

114 1720 239 1796 judicio
253 1738 289 1779 ao
300 1724 459 1797 potestate
470 1723 597 1779 versata
608 1722 666 1791 est,
680 1719 749 1779 haee
760 1718 909 1795 profecto
920 1718 1059 1783 tantnest

118 1813 153 1868 ut
168 1809 275 1868 omnis
292 1809 337 1868 rei
354 1808 493 1885 publicus
507 1807 657 1885 dignitas,
674 1809 822 1867 omnium
839 1808 960 1869 civium
976 1806 1058 1877 salus,

118 1899 193 1965 vita,
212 1899 355 1973 libertaS,
374 1916 447 1969 arae,
470 1898 545 1971 soei,
563 1897 606 1956 dii
628 1898 789 1974 penates¹,
809 1898 906 1971 bona,
928 1897 1057 1964 fortune,

118 1987 282 2047 domicilia
321 1992 434 2045 vestrm
475 1987 653 2062 sapientiae,
687 1986 772 2058 tidei,
806 1988 958 2062 potestati
985 2000 1058 2045 oom-

117 2078 218 2135 missa
240 2077 426 2152 creditaque
449 2093 521 2135 esse
547 2075 726 2134 videantur.
744 2076 772 2132 ⁹2.
791 2076 892 2134 Vobis
917 2075 1056 2134 hodierno

116 2164 165 2225 die
192 2165 458 2225 constituendum
480 2170 538 2237 ost,
565 2167 674 2223 utrum
702 2165 837 2241 posthae
864 2170 1007 2224 amentes
1029 2180 1055 2220 ar

114 2256 256 2332 perditos
282 2256 492 2332 magistratus
520 2255 744 2331 improborum
775 2261 812 2312 ao
840 2254 1056 2314 sceleratorum

113 2346 235 2404 oirium
263 2344 414 2421 prmsidio
444 2345 566 2402 nudare
597 2344 757 2403 anoliam
781 2343 919 2403 deorum
944 2344 1058 2402 immor·

113 2435 227 2492 talium
244 2433 399 2508 religiono
417 2450 542 2491 armare
559 2433 690 2492 malitis.
709 2435 800 2497 Nem,
817 2433 845 2491 si
863 2433 917 2492 illa
934 2433 1016 2492 labes
1030 2444 1057 2486 ae

114 2521 260 2581 tlarnnia²
275 2524 320 2580 rei
337 2522 474 2599 publiere
491 2539 589 2581 suum
607 2523 696 2580 illum
711 2521 906 2599 pestiferum
921 2527 951 2582 el
968 2522 1058 2580 lunes-

114 2617 182 2670 tum
205 2613 415 2680 tribunatum,
436 2630 533 2688 quem
554 2611 703 2687 aequitate
730 2611 875 2670 bumana
902 2611 984 2671 tueri
1006 2624 1057 2668 non
1100 2656 1102 2683 ,

114 2706 229 2775 potest,
253 2701 361 2760 divina
386 2701 543 2776 religiono
570 2699 760 2775 detenderit,
785 2701 854 2759 aliar
881 2697 1056 2760 caerimonis

112 2790 207 2847 nobis
229 2795 334 2856 erunt,
362 2790 416 2848 alii
444 2790 623 2849 antistites³
656 2790 792 2849 deorum
825 2788 1054 2853 immortalium.

113 2878 166 2934 alii
198 2879 623 2955 interpreteslreligionum
655 2879 853 2956 requirendi.
880 2881 935 2938 Sin
967 2884 1052 2937 autem

112 2970 219 3024 vestra
249 2969 439 3026 auctoritate
469 2969 705 3045 sapientiaque,
733 2969 918 3044 pontiticos,
945 2985 979 3028 ea
999 2977 1052 3041 qut*

112 3055 220 3114 surore
247 3057 469 3133 improborum
489 3060 522 3117 in
542 3076 575 3117 re
599 3059 738 3136 publica,
762 3060 801 3118 ab
817 3059 890 3120 aliis
907 3067 1048 3137 oppressa.

137 3217 156 3258 l.
174 3216 232 3256 ,tr-:iq
247 3218 298 3268 snei.
312 3219 368 3258 l'oir
380 3217 399 3257 lu
414 3220 466 3259 nolo
479 3217 488 3259 l
501 3218 528 3259 tle
540 3218 561 3259 ln
619 3220 756 3273 latueritque
769 3220 881 3272 pernicies
889 3216 1000 3273 provincie·
1009 3209 1042 3249 5¹⁴ss

107 3277 128 3318 Ι).
142 3266 188 3308 dib.
208 3268 309 3310 l'rnotrr,
334 3272 390 3311 l'ttll'
405 3270 427 3311 lss
441 3273 519 3313 notati
535 3272 563 3313 tle
619 3273 653 3312 lot*
669 3273 788 3314 sl'dt't'lttt's
813 3276 839 3315 l'.
850 3286 868 3317 l,
882 3273 911 3316 ΞΜ

102 3319 125 3362 la
136 3331 158 3374 p.
171 3319 218 3364 tor.
645 3330 664 3366 :t
673 3324 1043 3377 :teneritasmian»,stottesprit‘tt

126 3378 145 3418 ι),
160 3376 233 3418 brom
244 3379 301 3423 doti
308 3414 312 3427 ,
324 3380 425 3423 lombers
435 3392 461 3420 oe
472 3378 568 3432 timuere.
623 3380 664 3430 spii
673 3380 793 3430 piendum
805 3392 851 3421 aur
867 3379 987 3423 sacrifices.

90 3431 134 3475 Cel
150 3433 252 3478 tmimne
265 3438 309 3491 qni
323 3436 448 3480 ruinrruit
461 3434 486 3474 lu
498 3432 576 3485 ilipu-
658 3430 679 3471 b.
691 3432 834 3480 interpreter.
850 3435 917 3472 usur
935 3434 973 3483 iuri
987 3423 1040 3479 expli·

84 3487 185 3544 btr‘qire.
200 3494 244 3547 qui
263 3493 290 3536 la
309 3490 448 3537 metu-mia
471 3490 514 3530 len
535 3484 586 3528 etb
640 3487 717 3541 nuent
735 3482 775 3520 lus
799 3480 916 3532 musterus
935 3482 963 3520 ue
976 3474 1049 3518 urb·

75 3553 153 3599 ⁸³⁰3·
178 3547 292 3591 Ciceron
326 3561 339 3591 a
375 3542 468 3600 appeto
496 3537 592 3582 terres
648 3545 719 3585 pion.

1099 2688 1102 2727 i

1097 2748 1102 2775 t
