2250 3818
188 211 231 283 ’μ’
253 235 268 265 κ
293 228 500 274 eurinome.
525 232 716 276 uanruuuruu
740 233 870 276 arsounn
893 238 907 274 »
979 220 1036 277 lli

60 396 102 407 -—
116 363 206 435 Quid
219 380 305 425 nunc
319 369 360 436 te,
379 367 480 439 asine,
496 367 618 427 litteras
635 367 791 428 doceam?
805 386 871 428 non
887 386 970 447 opus
988 374 1039 429 est

60 453 191 525 verbiS,
209 452 266 513 sed
282 453 434 514 fustibus
452 458 522 516 Non
538 457 603 516 dixi
624 458 707 516 lianc
732 461 852 534 togam,
872 475 938 534 qua
963 477 1036 519 sum

60 542 221 615 auiictus,
240 561 298 603 nec
317 562 417 616 arma,
439 549 568 605 scutum
590 551 620 606 et
645 546 789 623 gladium
814 547 911 606 unius
935 548 1038 625 impe-

60 633 198 706 ratoriS,
215 633 283 707 sed,
301 633 386 710 quod
400 635 548 710 pacisest
565 635 690 712 insigne
705 641 736 696 et
747 637 815 709 otii,
830 639 914 714 toga,
926 642 1038 697 contra

60 726 179 782 autem
194 739 293 801 arma,
311 723 471 784 tumultus
487 729 582 800 atque
599 724 685 795 belli,
701 729 975 802 poetarummore
991 727 1038 786 lo-

60 816 175 884 cutus,
193 812 255 872 hoc
270 812 410 890 intellegi
435 814 536 886 volui,
555 815 675 873 bellum
703 833 740 874 ac
768 816 946 875 tumultum
968 809 1040 893 paci

60 905 163 978 atque
181 901 247 961 otio
263 918 510 962 concessurum.
529 904 577 961 rt.
597 903 708 974 Quaere
731 921 770 964 ox
786 904 947 973 ,tanriliari
969 911 1035 979 tuo,

60 992 181 1050 Graeco
197 990 252 1050 illo
269 996 363 1074 poeta
378 997 403 1063 ¹;
416 992 566 1069 probabit
577 1009 678 1069 genus
691 994 811 1070 ipsum,
825 997 857 1052 et
871 1000 1035 1071 agnoscet,

60 1097 178 1157 neque
193 1084 222 1140 te
238 1080 319 1140 nihil
334 1098 447 1158 sapere
464 1082 646 1141 mirabitur.

105 1171 150 1230 At
175 1169 209 1229 in
231 1170 330 1230 altero
354 1170 419 1242 illo,
443 1171 562 1248 inquit,
589 1172 705 1244 haeres,
732 1173 896 1242 Corrouuar¹
916 1191 1034 1234 ianuas

60 1276 165 1322 taum.
185 1259 288 1319 lmmo
305 1260 504 1331 mehercule,
523 1257 696 1321 habeotib'i
709 1262 855 1339 gratiam.
874 1264 1033 1323 Haererem

60 1348 168 1419 enim,
185 1348 248 1407 nisi
265 1354 299 1408 tu
315 1366 367 1409 me
383 1350 582 1427 expedisses.
601 1353 691 1423 Nam,
709 1368 784 1410 cunr
800 1356 835 1410 tu
849 1352 982 1411 timidus
995 1371 1031 1412 ac

60 1443 222 1511 tremens
238 1439 302 1498 tuis
317 1439 385 1516 ipse
402 1439 618 1499 furacissimis
644 1441 795 1499 manibus
818 1440 993 1500 detractam
1015 1459 1063 1525 e„

60 1528 210 1589 cruentis
225 1527 367 1588 fascibus
384 1529 528 1588 lauream
545 1529 584 1588 ad
600 1535 724 1606 portam
743 1530 941 1605 Esquilinam
956 1531 966 1564 '²
980 1532 1033 1590 ab·

60 1617 184 1696 jecisti,
209 1616 371 1688 indicasti,
397 1636 464 1678 non
486 1619 584 1679 ruodo
607 1618 830 1696 amplissume,
856 1620 1031 1679 sedetiam

62 1706 213 1767 minimae
234 1707 321 1766 laudi
342 1708 487 1768 lauream
514 1709 727 1768 concessisse.
752 1708 854 1784 Atque
878 1709 940 1767 ista
959 1727 1031 1769 ora-

60 1796 154 1857 tione
177 1796 239 1856 hoc
255 1801 365 1857 tamen
383 1797 537 1875 intellegi,
561 1798 727 1861 scelerate,
753 1797 812 1873 vis,
838 1799 1029 1875 Pompeium

59 1884 236 1945 inimicum
253 1887 333 1946 mihi
348 1887 411 1946 isto
428 1904 524 1947 versu
543 1904 614 1947 esse
631 1887 763 1960 factum,
790 1891 835 1959 ut,
863 1887 890 1947 si
914 1905 1029 1948 versus

60 1967 144 2033 mihi
161 1975 318 2050 nocuerit,
338 1977 376 2036 ab
398 1993 447 2046 eu,
471 1993 568 2052 quem
590 1977 616 2036 is
642 1993 755 2036 vorsus
779 1977 959 2043 offenderit,
986 1978 1030 2035 vi-

60 2063 177 2124 deatur
189 2064 271 2122 mihi
287 2065 447 2141 pernicies
464 2082 536 2125 esse
553 2066 699 2141 quamito.
727 2066 775 2124 75.
803 2066 923 2125 Omitto
945 2066 1026 2125 nihil

60 2153 163 2213 istum
175 2169 304 2213 versum
320 2155 516 2232 pertinuisse
532 2155 570 2214 ad
588 2155 698 2227 illum;
714 2173 779 2213 nou
790 2155 891 2214 fuisse
902 2173 1024 2227 mcum,

60 2258 171 2319 quem,
189 2248 345 2320 quantum
366 2244 557 2321 potuissem,
585 2245 697 2304 mullis
721 2261 805 2320 sirpe
828 2243 1028 2302 orationibus

60 2332 255 2410 scriptisque
272 2332 489 2408 decorassem,
506 2334 592 2392 hunc
617 2353 681 2394 uno
703 2335 824 2393 violare
840 2333 1027 2392 versussed

60 2421 392 2499 sitodensnsprt11103
408 2440 515 2482 nonne
530 2423 753 2501 compensavit
765 2441 837 2483 cum
854 2439 919 2481 uno
932 2422 1030 2481 vorsi-

60 2510 132 2570 culo
151 2513 198 2569 tot
210 2527 282 2570 mea
298 2512 463 2571 volumina
485 2511 616 2571 laudum
633 2530 764 2571 suarum
773 2514 787 2571 ‘l
808 2512 898 2582 Quod
923 2512 950 2570 si
978 2517 1028 2570 ost

60 2603 257 2673 commotus,
279 2599 318 2659 ad
346 2601 578 2677 perniciemne,
603 2619 668 2660 non
694 2601 798 2660 dicam
821 2601 1024 2668 amicissimi,

60 2706 126 2749 non
142 2689 186 2748 ita
202 2689 241 2749 de
258 2707 317 2749 sua
330 2689 423 2750 laudo
439 2690 557 2752 meriti.
571 2691 692 2750 nonita
706 2690 743 2749 do
760 2707 793 2749 re
808 2690 946 2766 publica,
960 2707 1026 2748 non

60 2779 253 2859 consularia,
269 2797 333 2839 non
349 2779 519 2845 senatoris,
538 2798 603 2839 non
617 2780 708 2850 civis,
720 2797 784 2838 non
801 2778 906 2851 liberi,
922 2778 951 2835 in
969 2779 1025 2837 lio·

60 2869 158 2928 minis
174 2874 271 2946 caput
284 2869 338 2928 ille
356 2873 419 2927 tam
438 2869 577 2928 erudelis
593 2875 724 2946 propter
741 2886 870 2929 versum
886 2868 966 2926 luit?

95 3048 288 3103 Laraorsu‘cnn
303 3064 401 3102 runnu
420 3047 574 3119 (xxxiv-xc)
595 3045 649 3100 luit
674 3045 701 3099 le
727 3044 843 3099 tableuu
865 3043 916 3098 des
935 3061 1023 3097 exuc-

84 3208 104 3251 l.
118 3209 196 3251 Poeta.
208 3208 242 3251 'Ce
257 3226 266 3246 α
285 3205 412 3252 Graeculus
429 3218 509 3250 asson·
564 3201 644 3249 entrde
656 3205 669 3248 rt
680 3206 756 3247 Rome
764 3215 808 3259 par
821 3203 844 3246 la
857 3207 924 3257 porte
934 3203 1025 3257 Esqui-

61 3261 215 3314 tatorpoeta»
235 3264 312 3316 (xxix,
323 3262 358 3314 70)
376 3261 507 3315 s'appelait‚
565 3262 623 3309 line,
638 3261 720 3308 Pison,
740 3258 752 3299 a
769 3259 810 3312 qui
834 3258 855 3300 lc
872 3257 985 3318 discours
997 3255 1025 3298 de

62 3313 92 3356 dli
100 3317 226 3367 Asconius,
236 3312 397 3358 Philodemus.
409 3312 510 3357 Cirdrun
565 3310 661 3356 Ciedtoll
679 3314 709 3353 llc
727 3312 853 3353 Provinciis
870 3311 1024 3352 correctioribus

62 3365 81 3409 le
93 3367 202 3423 inlnage.
215 3371 332 3422 pent-ouo
342 3369 400 3410 ilaus
412 3370 507 3421 t'rspoir
564 3381 576 3410 n
590 3368 636 3411 tait
650 3365 735 3422 per-dre
748 3368 802 3408 tout
811 3365 892 3417 espoir
904 3364 1030 3406 nutrium·

62 3418 230 3463 datrourercn
246 3422 282 3462 lui
295 3433 326 3462 un
347 3420 505 3477 parilgyrr'str
564 3424 652 3478 plima
678 3420 872 3472 dlutremltlaut
897 3417 932 3459 dc
953 3413 1048 3472 eructu,

60 3470 129 3512 loson
139 3473 254 3514 consulat.
563 3481 628 3536 jeter
643 3490 683 3524 ses
695 3478 833 3522 tatsceaur
851 3474 878 3517 et
891 3469 1063 3515 summersis

63 3522 82 3561 1.
93 3520 230 3574 Arlportum
246 3524 403 3578 haqeu'le'nam.
420 3529 440 3572 A
454 3542 501 3575 son
564 3531 761 3591 cnsanglanltu
