2250 3818
274 221 327 266 ius
349 228 364 258 «
388 223 553 267 ouluouus
576 222 647 265 rosa
670 222 802 266 nuurruu
825 229 839 260 a
977 206 1035 266 :lsstt

117 357 155 415 Χ.
191 357 243 418 24.
279 356 480 435 Quapropter
517 359 712 419 memoriam
746 358 844 417 vestri
887 360 1036 420 beneficii

76 445 183 504 colam
203 447 428 508 benevolentia
447 449 656 526 sempiterna,
683 465 742 508 nec
768 465 805 506 ea
829 466 903 507 cum
929 449 1037 509 anima

76 535 256 612 exspirabit
281 554 364 611 mea,
390 537 445 598 sed
472 539 568 598 etiam
597 555 672 597 cum
702 555 753 597 me
779 538 843 598 vita
872 538 1035 613 defecerit,

76 624 183 684 multa
207 629 437 688 monumenta¹
457 628 555 687 vestri
582 628 615 685 in
635 644 687 687 me
704 627 851 686 beneficii
871 645 1037 704 permane-

76 713 171 774 bunt.
186 715 223 773 ln
235 715 403 776 referenda
417 720 525 777 autam
539 717 642 793 gratia
652 717 714 775 hoc
728 716 820 775 vohis
836 719 1036 794 repromitto,
1083 736 1086 743 ·

78 820 275 882 semperque
300 807 470 882 praestabo,
487 807 568 866 mihi
594 822 700 883 neque
717 806 750 864 in
772 806 917 866 consiliis
944 808 981 867 de
1003 825 1037 866 re

77 893 212 972 publica
232 895 409 971 capiendis,
427 897 643 974 diligentiam,
660 912 765 972 nequo
788 895 821 954 in
846 896 999 973 periculis
1022 915 1039 956 a

77 1000 111 1043 re
124 982 257 1061 publica
268 986 508 1063 propulsandis,
525 986 683 1054 animum,
701 1001 807 1062 neque
824 986 857 1043 in
878 987 1039 1045 sententia

78 1072 274 1150 simpliciter
288 1074 430 1148 ferenda,
448 1074 558 1147 iidem,
574 1092 680 1151 neque
695 1075 729 1134 in
740 1075 912 1135 hominum
925 1075 1040 1135 volun-

76 1163 200 1222 tatibus
216 1179 273 1240 pro
294 1181 328 1223 re
353 1165 483 1241 publica
505 1164 673 1238 laedendis,
700 1165 894 1239 libertatem,
924 1183 984 1226 nec
1008 1166 1040 1224 in

77 1251 273 1330 perferendo
287 1253 407 1329 labore,
421 1255 626 1329 industriam,
644 1271 705 1314 neo
716 1255 750 1312 in
765 1255 881 1314 vestris
893 1272 1041 1314 commo·

80 1341 131 1401 dis
141 1342 312 1418 augendis,
329 1344 411 1419 grati
429 1343 529 1403 animi
550 1342 810 1403 benevolentiam
827 1343 1039 1404 defuturam'2.

121 1440 173 1498 25.
197 1440 300 1516 Atque
325 1442 394 1501 haec
421 1460 509 1515 cura,
537 1443 687 1513 Quirites,
725 1441 785 1500 erit
810 1441 905 1500 infixa
932 1442 1041 1501 animo

78 1546 155 1589 meo
173 1530 381 1607 sempiterna,
395 1537 441 1606 ut,
458 1550 533 1593 cum
547 1531 652 1604 vobiS,
668 1531 723 1607 qui
740 1528 826 1607 apud
839 1547 891 1590 me
906 1531 1042 1591 deorum

76 1618 319 1680 immortalium
340 1621 406 1680 vim
435 1624 467 1681 et
491 1638 616 1681 numen
643 1620 772 1692 tenetis,
804 1624 874 1679 tum
903 1622 1043 1698 posteris

80 1707 202 1769 vestris
229 1711 420 1787 cunctisque
449 1710 599 1788 gentibus
616 1709 829 1787 dignissimus
853 1728 890 1770 ea
914 1710 1042 1770 civitate

81 1796 207 1872 videar,
231 1816 302 1875 quae
326 1817 420 1859 suam
450 1798 641 1876 dignitatem
662 1817 728 1859 non
753 1816 849 1877 posse
864 1817 910 1877 se,
935 1805 1043 1860 tenere

82 1885 149 1946 nisi
166 1904 220 1947 me
231 1892 467 1966 recuperasset,
482 1889 608 1948 cunctis
623 1888 787 1966 suffragiis
800 1889 969 1966 judicavit.

215 2109 240 2150 C.
255 2123 289 2134 ···
305 2114 320 2144 ((
342 2111 440 2150 ORATIO
461 2111 494 2149 DE
512 2111 585 2151 DOMO
606 2112 656 2151 sud
671 2112 706 2150 ΑΙ)
726 2111 880 2150 l'ONTlFlCES
895 2117 909 2144 t>

117 2254 245 2310 Cicerou
259 2271 432 2311 commence
449 2273 504 2328 par
519 2262 668 2312 constater
682 2257 711 2311 la
728 2255 839 2328 grande
855 2255 1046 2326 corripitence

79 2334 131 2390 des
141 2335 286 2392 Pontiles.
299 2336 419 2392 Comme
433 2337 586 2392 ministres
600 2336 752 2409 supremas
769 2336 804 2391 de
818 2337 846 2391 la
856 2335 991 2406 religion,
1006 2335 1043 2390 ils

80 2420 268 2487 pronouocnt
296 2434 347 2472 sur
370 2416 671 2489 l'accomplissement
700 2417 752 2471 des
781 2416 947 2472 formalites
975 2416 1048 2471 reli·

81 2494 214 2567 gieuses;
230 2512 344 2552 comme
367 2500 532 2566 senateurs,
558 2498 595 2552 ils
610 2498 760 2553 discutent
774 2497 802 2552 la
823 2497 873 2552 loi.
896 2498 948 2552 lies
966 2500 1049 2551 Pon·

83 2648 189 2699 alienum,
211 2659 283 2702 payer
298 2660 345 2692 une
364 2648 443 2699 dette;
459 2650 543 2693 voirla
599 2649 1048 2702 touslesbionfailsdupouploromain.

87 2704 139 2745 uolc
156 2699 173 2744 2
186 2701 216 2745 de
231 2702 255 2744 la
284 2712 327 2757 age
337 2701 394 2755 dot),
417 2702 475 2747 c'ost
489 2714 542 2756 pos·
598 2704 702 2746 Laterio
724 2702 752 2745 de
778 2704 838 2746 cette
848 2703 936 2754 phrase
948 2706 983 2743 est
1001 2701 1048 2743 tris

88 2755 162 2804 siden
183 2754 255 2810 posae'
273 2766 306 2804 er,
323 2756 381 2799 c’est
398 2756 543 2811 s'arquittor.
598 2766 723 2809 corrompu
739 2755 798 2797 dans
823 2755 856 2798 les
878 2766 937 2797 mss.
950 2756 977 2797 de
1000 2756 1050 2796 suis

88 2808 182 2851 Comme
204 2819 231 2852 ce
255 2808 430 2853 lieu-commun
448 2822 543 2864 prover·
598 2811 633 2853 les
644 2808 790 2852 corrections
805 2809 833 2852 de
844 2809 867 2850 G.
880 2809 907 2851 F.
921 2809 961 2850 W.
977 2809 1050 2850 Muel-

89 2861 134 2905 iial
164 2872 190 2905 se
222 2864 304 2905 trouve
332 2873 389 2905 sous
416 2875 443 2905 sa
468 2864 544 2907 formo
599 2864 643 2906 lor.

90 2915 200 2969 generale
218 2915 278 2958 dans
306 2914 328 2959 le
350 2915 382 2957 Dc
402 2916 489 2971 Officiis
502 2918 543 2970 (11.
624 2916 644 2958 2.
660 2913 1050 2970 DefruturunaToutccdet'cloppc·

91 2978 125 3017 ιι,
136 2967 174 3021 70)
189 2971 221 3017 ct,
235 2967 347 3023 appliqud
363 2979 411 3011 aux
432 2972 542 3024 rapports
600 2973 665 3012 ment
676 2972 712 3012 osi
722 2979 810 3012 encore
824 2968 888 3010 imile
898 2968 926 3010 do
940 2968 986 3009 tros
996 2968 1050 3021 pros

90 3020 113 3067 dc
124 3023 275 3066 Plancinaet
285 3021 314 3065 de
324 3021 430 3065 elcoron.
443 3024 503 3066 dans
519 3024 541 3066 lc
597 3024 656 3065 dans
678 3023 699 3065 la
725 3023 854 3063 Gratiarum
880 3021 939 3061 arria
954 3022 1050 3073 (xxxii),

90 3074 235 3121 l’rol’lancio
245 3075 343 3127 (xxurr,
354 3076 400 3128 68),
409 3075 432 3117 la
441 3077 543 3131 critique
598 3078 626 3120 de
648 3076 763 3118 Claudius
774 3075 940 3117 llanrerlinus.
958 3075 1013 3116 l'oir
1028 3076 1050 3117 ln

89 3130 166 3173 aduret
175 3128 262 3182 depuis
272 3129 406 3181 lonptemps
422 3140 467 3183 que
480 3133 542 3172 tonte
598 3133 652 3173 nole
665 3132 673 3172 l
688 3129 716 3171 de
728 3130 752 3171 la
765 3139 822 3180 pape
832 3126 878 3170 364.
893 3128 925 3170 Le
942 3128 1051 3171 discours

87 3186 143 3227 cette
165 3183 253 3237 phrase
273 3184 308 3225 est
331 3193 378 3224 uuo
397 3182 462 3235 glosa
482 3195 543 3225 mar·
598 3184 626 3226 do
638 3183 753 3225 Claudius
761 3182 921 3223 Mamertinus
935 3181 1051 3235 apanteti·

34 3284 37 3295 ,
89 3236 168 3288 ripale
179 3236 222 3290 qui
232 3247 247 3277 a
257 3235 328 3289 passi²
339 3236 399 3277 daus
410 3237 431 3279 le
444 3238 514 3279 torto.
600 3235 718 3291 prouonrd
730 3236 750 3278 le
762 3238 792 3276 lu
802 3236 897 3288 janvier
908 3234 956 3284 362,
973 3236 987 3276 il
999 3236 1052 3279 laui

108 3292 129 3333 l.
149 3289 311 3332 Matrimonia.
328 3289 370 3332 Cos
391 3293 544 3332 monuments
599 3292 724 3335 admottro,
742 3289 762 3329 si
774 3300 804 3330 on
820 3290 924 3330 contestu
936 3289 1054 3330 l'antlion-

84 3336 302 3399 imperissaoleade
310 3343 544 3387 lareconnaissanco
601 3341 665 3388 tioilri
674 3343 716 3387 dos
728 3343 851 3385 (trationis
863 3341 886 3381 iu
900 3344 989 3382 soronii
1003 3339 1072 3397 eund

85 3392 113 3443 sse
125 3395 230 3441 ciceron
241 3397 298 3439 sont
314 3407 353 3439 scs
370 3394 485 3446 discours,
498 3408 543 3441 son
602 3400 643 3451 (tri
647 3400 667 3442 ri
671 3404 712 3450 tra,
725 3398 831 3454 cidellas
842 3391 1053 3441 existeremueuo
1062 3391 1091 3428 Q&

125 3459 166 3509 me
183 3446 220 3489 Be
241 3446 384 3511 Temporibus
408 3451 472 3502 areis,
502 3464 542 3497 ses
604 3456 739 3511 parentent
762 3464 829 3509 prrur
863 3450 912 3492 des
936 3452 1044 3487 mounes
1071 3437 1105 3475 Q

103 3504 300 3551 monteaureo,
311 3512 344 3543 ou
357 3502 374 3543 rl
386 3505 541 3559 consignera
605 3511 716 3556 Ciceron
729 3520 814 3554 auma
829 3503 922 3549 siecle-

916 3593 973 3643 Ἃ.
