2244 3848
305 136 341 177 nu
363 144 378 173 «
402 137 458 179 ruo
480 138 509 178 r.
533 133 625 177 Auum
646 133 761 177 uruortu
783 141 797 170 o
873 168 875 172 ,
972 120 1032 178 433

71 267 204 327 Lanuvii
230 266 316 344 uita
337 271 438 330 Roma
448 264 562 330 'subito
579 269 647 347 ips'o
664 268 827 346 proiectus
846 268 949 345 pridie
971 274 1032 341 est,

70 362 102 416 ut
126 361 202 418 aute
223 375 321 419 suum
340 360 490 425 fundum,
508 359 594 436 quod
617 377 650 418 re
673 359 872 418 intellectum
896 363 955 431 est,
980 360 1034 418 lli-

70 443 131 507 loni
156 447 295 508 insidias
319 449 502 510 collocaret,
529 454 631 524 Atque
655 450 698 507 ita
720 447 886 524 protectus
912 454 972 522 est,
999 454 1034 509 ut

70 536 258 597 contionem
273 539 505 603 turbulentam„
520 539 627 614 inqua
641 537 712 613 ejus
729 535 818 595 furor
832 536 1034 597 desideratus

68 632 126 699 est,
146 644 221 705 quae
236 627 293 687 illo
313 628 383 706 ipso
406 628 457 687 die
479 628 588 687 habita
604 631 663 697 est,
690 626 898 701 relinqueret,
922 643 1033 702 quatu,

65 715 127 775 uisi
146 716 240 775 obire
254 716 407 775 facinoris
423 716 532 777 locum
550 722 743 792 tempusque
759 715 928 787 voluisset,
952 733 1035 774 nun-

62 820 167 883 quam
206 804 404 882 reliquisset.
436 807 485 865 28.
513 806 586 865 Milo
617 809 738 877 autem,
768 821 843 863 eum
858 803 891 861 in
920 809 1035 863 senatu

61 892 188 955 luisset
203 911 241 954 eo
257 893 320 965 die,
342 894 450 973 quoad
471 900 603 955 senatus
628 898 678 954 est
704 894 873 966 dimissae,
900 892 1034 953 domum

59 985 166 1051 venit,
202 983 330 1044 calceos
368 988 398 1044 et
432 974 645 1044 vestimenta¹
680 983 832 1053 mutavit,
858 983 1033 1062 paulipser,

59 1072 145 1134 dum
162 1090 199 1132 se
212 1091 295 1134 uxor
306 1075 327 1143 ²,
345 1078 381 1134 ut
396 1075 440 1146 fit,
459 1078 634 1151 comparat,
652 1076 942 1144 commoratusest,
960 1072 1034 1133 dein

59 1162 236 1241 profectus
252 1167 302 1223 est
317 1163 349 1222 id
360 1164 529 1241 temporis,
540 1182 615 1223 cum
625 1163 694 1239 jam
706 1163 848 1236 Clodius,
859 1162 886 1221 si
899 1162 1032 1239 quidem

59 1271 100 1313 eo
118 1252 175 1312 die
190 1253 497 1336 Romamventurus
512 1257 589 1322 erat,
607 1252 712 1312 redire
727 1252 898 1328 potuisset.

103 1342 246 1403 Obviam
271 1344 307 1402 tit
334 1343 364 1403 ei
392 1343 533 1415 Clodius
564 1340 744 1419 expeditus,
765 1342 801 1417 in
821 1358 915 1418 equo,
944 1342 1033 1402 nulla

59 1426 203 1495 rheda³,
233 1430 332 1489 nullis
362 1430 618 1507 impedimentis,
648 1428 749 1488 nullis
782 1428 901 1488 Graecis
931 1431 1032 1488 comi-

59 1522 167 1584 tibus,
193 1524 229 1579 ut
255 1520 390 1586 solebat,
418 1521 488 1580 siue
513 1515 646 1587 uxore&
665 1517 751 1595 quod
767 1535 936 1595 nunquam
952 1517 1030 1593 iere,

62 1628 142 1671 eum
156 1610 212 1668 hie
228 1609 406 1677 insidiator,
422 1610 477 1686 qui
494 1610 553 1669 iter
568 1608 648 1667 illud
662 1608 700 1667 ad
713 1606 834 1667 caedem
850 1607 1033 1668 faciendam

59 1704 268 1780 apparasset,
282 1716 357 1758 cum
370 1716 470 1759 uxore
486 1699 659 1758 veheretur
669 1697 702 1755 iu
713 1697 823 1761 rheda„
837 1698 1031 1776 paeuulatus,

59 1806 188 1866 magno
205 1793 233 1847 et
250 1788 406 1865 impedito
423 1793 455 1848 et
469 1787 620 1847 muliebri
636 1803 672 1846 ac
686 1784 823 1846 delicato
840 1786 1031 1848 ancillarum

61 1895 310 1955 puerorumque
327 1878 495 1938 comitatu.
573 1926 577 1935 .
664 1872 667 1877 ’

104 1996 156 2053 29.
176 1993 224 2053 Fit
238 1994 370 2054 obviam
383 1993 494 2054 Clodio
509 1999 582 2054 ante
599 1995 736 2054 fundum
754 1995 836 2072 ejus,
862 1993 942 2054 hora
965 1997 1031 2054 l'ere

64 2081 278 2162 undecimal,
296 2089 350 2143 aut
377 2101 441 2145 non
462 2085 565 2143 multo
586 2101 690 2143 secus.
710 2084 825 2143 Statim
848 2085 1031 2160 coruplures

66 2190 142 2234 cum
158 2172 232 2232 telis
253 2173 286 2231 in
306 2174 392 2233 hunc
407 2174 530 2233 faciunt
546 2171 585 2232 de
602 2172 673 2232 loco
691 2173 858 2248 superiore
873 2173 1031 2250 impetum

67 2262 207 2332 adversi,
223 2262 409 2321 rhedarium
421 2261 583 2323 occidunt.
596 2262 675 2321 Cum
687 2266 797 2320 autom
807 2261 859 2320 hic
869 2261 907 2320 de
919 2261 1029 2321 rheda.

67 2350 188 2428 rejecta
204 2351 343 2427 paruula.
361 2350 560 2421 desiluisset,
578 2367 678 2427 seque
702 2349 767 2409 acri
789 2350 897 2409 auimo
923 2350 1032 2410 desen-

68 2440 169 2520 deret,
188 2441 245 2505 itti,
263 2441 317 2518 qui
334 2446 425 2500 eraut
438 2458 512 2501 cum
529 2439 650 2507 Clodio,
668 2439 782 2516 gladiis
799 2438 935 2511 eductis,
957 2458 1032 2517 par-

67 2531 310 2590 tim'reeurrere
327 2530 366 2589 ad
384 2530 530 2603 rhedam,
548 2534 583 2588 ut
608 2547 626 2588 a
646 2535 735 2605 tergo
752 2528 903 2588 Milonem
927 2528 1033 2587 adori-

92 2700 116 2745 1.
136 2701 259 2744 Culcooaet
277 2699 414 2742 uestimenta.
427 2701 446 2743 ll
461 2712 521 2744 rom-
577 2697 635 2742 dtait
647 2697 741 2748 Fulvia,
758 2697 805 2742 tillo
820 2699 874 2743 d'uu
886 2698 951 2742 ricto
967 2697 1033 2741 hubi·

67 2755 136 2810 place
159 2766 201 2809 par
226 2754 267 2798 des
291 2757 423 2798 vetoments
442 2758 464 2797 ct
480 2755 521 2797 des
578 2751 979 2801 tamdeTusrulum,ilduinus,
994 2752 1032 2795 hi·-

67 2809 215 2852 eltaussures
226 2808 254 2850 de
269 2819 358 2862 voyage
370 2809 393 2850 la
408 2810 460 2862 loge
472 2808 522 2850 lati·
578 2818 623 2859 gne
637 2810 659 2849 et
669 2807 771 2860 stupide,
784 2808 921 2850 suruommd
936 2807 1033 2849 Bamba-

67 2862 135 2924 clave
148 2863 221 2923 elles
242 2862 388 2916 hrodequius
412 2862 440 2905 dc
459 2861 522 2903 ccre-
579 2861 906 2931 1ἰο(βαμβάλειν,Ιιύςμρμψ),
923 2868 997 2922 Api-tu·
1011 2868 1032 2908 1,,

67 2926 159 2962 ¹¹¹⁰¹¹¹⁰³
174 2917 192 2958 ¹1
211 2915 314 2979 ⁰h‚³⁰⁵⁸⁰
331 2916 365 2958 ¹⁰³
378 2916 443 2956 ’ΜΝ
458 2921 522 2959 ‘⁸³¹¹‘
578 2935 682 2975 mcurtre
693 2931 721 2974 de
733 2931 837 2973 Clodius,
848 2931 893 2973 elle
909 2930 997 2983 dpousa
1010 2931 1031 2971 lo

66 2969 145 3031 dales)
159 2973 182 3013 el
192 2972 258 3012 revel
269 2969 292 3012 la
300 2969 390 3022 prorata
400 2969 523 3022 (ritarrleau
579 2985 686 3028 eps-3140„
706 2986 722 3026 ρ
742 2985 883 3027 Scribfflljus
899 2985 979 3026 Cup-p„
996 2985 1033 3025 [vj.

68 3036 82 3065 ’ἅ
97 3023 242 3093 capuchon).
476 3087 479 3092 ¹
579 3037 942 3085 burronlii.etcntiu‚eu46.lc
965 3039 1032 3079 lutm-

92 3086 116 3130 2·
132 3086 203 3128 tror—
226 3086 260 3129 m
286 3087 375 3129 fortune
395 3085 422 3127 to
449 3085 523 3127 uum
581 3093 888 3135 inunm-uare-Antorne.
912 3091 964 3134 tou
978 3090 1032 3131 rott-

68 3137 126 3183 dtait
149 3140 249 3188 Fausta,
274 3139 322 3182 stlte
347 3139 378 3181 du
406 3139 524 3182 dietatem·
581 3147 613 3200 up
631 3147 813 3200 spuma,

68 3192 178 3248 Sl'llssssf·
189 3192 264 3247 Ellis·
276 3192 307 3234 ad
320 3191 524 3243 ,ittic.,V‚v111‚2,
607 3158 629 3243 ΞΒ.
645 3198 763 3251 [scrutere
774 3197 897 3240 rordcciuro.
912 3198 945 3240 liu
955 3196 1033 3240 ouzie-

93 3256 114 3299 3.
126 3255 213 3298 Bliade.
231 3258 260 3300 Ge
271 3260 327 3298 mot.
340 3257 454 3309 d'origine
469 3267 526 3309 gau·
582 3254 702 3296 incheme
718 3251 787 3305 apr-'es
796 3251 817 3294 le
830 3251 894 3294 lever
908 3252 940 3294 du
952 3251 1033 3298 soloit;

69 3308 136 3360 leisc.
154 3310 189 3354 dit
201 3310 341 3359 Quintilieu,
364 3307 462 3363 designe
478 3319 524 3351 um·
581 3306 730 3354 c'cst-a-dire,
749 3317 780 3347 au
800 3306 861 3366 mois
878 3303 906 3347 de
926 3305 1030 3359 janvier.

68 3365 161 3408 voiture
173 3363 331 3418 devoragea
350 3367 522 3417 quatreroues.
581 3364 648 3403 entre
672 3361 755 3414 quatre
781 3361 802 3400 et
824 3369 880 3411 cinq
900 3359 986 3401 tiermes
1006 3357 1035 3399 do

93 3417 117 3462 4.
134 3417 218 3460 [suoru.
229 3418 263 3459 La
278 3419 366 3460 lemme
382 3417 410 3459 de
427 3415 524 3457 Clodius
582 3413 745 3466 tupris-midi.
