2244 3848
94 227 153 284 2111
227 243 282 288 uss
306 244 454 287 vnnnrnns
477 244 535 288 aux
556 242 698 287 niseoens
721 241 920 287 consummes

93 382 269 454 tumatque
284 379 317 436 in
341 378 464 438 nrilitiae
489 377 695 454 disciplinam
715 375 883 453 proiectus
910 382 969 450 est,
993 377 1058 454 qui¹

91 472 234 527 extrema
243 468 380 544 pueritia
392 458 489 527 miles
505 467 539 526 in
549 466 694 527 exercitu
703 464 764 525 ruit
774 466 899 525 summi
910 466 1039 544 impera·

91 557 179 631 teriS,
199 557 328 616 ineunte
343 556 565 617 adulescentia
581 555 715 615 maximi
732 555 802 632 ipse
819 556 982 616 exercitus
993 555 1039 615 inr-

90 650 219 724 perator
235 649 255 716 ¹,
273 647 328 724 qui
344 647 463 723 saepius
480 664 554 706 cum
570 646 665 706 hoste
679 644 836 717 conflixit,
850 662 951 722 quam
967 647 1039 722 quis-

91 753 188 812 quam
207 753 282 796 cum
298 737 432 796 inimico
457 732 691 808 concertavit²,
708 734 803 811 plura
828 734 916 795 bella
939 736 1035 812 gessit,

90 842 187 901 quam
215 825 313 885 ceteri
343 826 526 901 legeruntl,
551 825 660 902 plures
685 823 871 900 provincias
899 823 1035 893 coniecit,

89 931 187 990 quam
214 914 290 974 alii¹
326 915 593 992 concupiverunt,
621 914 718 990 cujus
758 913 982 974 adulescentia
1006 913 1035 973 ad

90 1004 261 1063 scientiam
276 1005 323 1064 rei
339 1004 490 1063 militaris
507 1021 571 1063 non
588 1003 703 1062 alienis
715 1003 900 1080 preceptis
915 1003 971 1063 sed
981 1003 1034 1063 suis

91 1092 247 1168 imperiis,
266 1110 332 1152 non
355 1092 591 1153 offensionibus
618 1092 707 1166 belli,
725 1091 782 1150 sed
802 1091 962 1167 victoriis,
983 1108 1034 1151 non

91 1178 285 1257 stipendiis¹
302 1183 358 1242 sed
373 1182 548 1258 triumphis
563 1188 612 1241 est
633 1180 778 1242 erudita?
792 1180 887 1252 Quod
910 1181 1034 1258 denique

87 1288 191 1347 genus
207 1288 280 1331 esse
298 1272 373 1333 belli
387 1276 504 1349 potest,
521 1272 554 1330 in
570 1289 634 1348 quo
651 1271 745 1330 illum
760 1288 828 1330 non
849 1271 1035 1332 exercuerit¹

87 1358 216 1420 fortuna
240 1362 286 1420 rei
301 1361 459 1439 publicae?
484 1361 583 1421 Civile
596 1362 618 1436 ¹,
633 1360 824 1420 Africanum
837 1358 848 1391 ⁸
866 1360 1033 1438 Transalpi-

86 1458 166 1500 num
183 1439 205 1515 ⁹,
217 1442 429 1519 Hispaniense
443 1445 476 1516 ¹⁰,
493 1442 633 1501 mixtum
647 1459 685 1500 ex
698 1440 888 1500 civitatibus
901 1446 993 1518 atque
1003 1458 1035 1500 er

63 1545 65 1550 ’
89 1530 351 1591 bellicosissimis
362 1531 560 1604 nationibus
575 1530 692 1591 servile
703 1532 737 1603 ¹¹,
750 1529 864 1590 navale
875 1529 899 1564 ¹²
910 1530 1032 1603 bellum,

86 1620 174 1679 varia
201 1628 232 1680 et
259 1620 388 1680 diversa
416 1638 535 1698 genera
565 1624 596 1680 et
626 1619 788 1680 bellorum
816 1623 848 1678 et
887 1620 1034 1694 hostium,

109 1766 128 1805 1.
144 1763 277 1816 Imperator.
286 1765 322 1807 rin
333 1764 379 1808 l¹an
390 1766 422 1814 83,
435 1764 480 1807 ala
490 1766 534 1809 tete

83 1817 152 1859 d'une
172 1814 251 1860 armes
270 1818 298 1861 de
314 1819 460 1861 volontaires
478 1819 534 1873 qu'il

84 1871 148 1913 avan
156 1867 229 1920 lerie,
239 1871 341 1933 Pompc'e
351 1873 403 1915 vint
415 1872 535 1926 rejoiudre

83 1923 147 1977 sylla
161 1925 200 1977 qui
216 1928 316 1968 rentrart
332 1937 361 1969 eu
379 1926 447 1968 ltalie
465 1937 478 1968 a
497 1924 534 1968 res

83 1978 149 2018 avoir
161 1979 205 2019 fait
217 1978 240 2020 la
252 1981 305 2032 paix
320 1990 377 2022 arec
388 1980 469 2021 Mithri
488 1982 533 2022 ate.

83 2030 148 2091 Sylla
159 2031 226 2073 salua
235 2032 356 2085 irrrpernter
367 2042 393 2076 cc
401 2029 497 2087 general
505 2033 534 2076 de

82 2085 216 2137 vingt-trois
229 2096 280 2128 ans.

108 2139 127 2178 2
146 2137 295 2179 Concrrrnu'r.
318 2138 440 2183 Antithese
469 2142 534 2182 entre

84 2191 118 2234 tes
132 2193 241 2234 batailles
255 2191 342 2235 livrees
353 2203 396 2246 par
407 2194 428 2236 le
439 2193 534 2247 generat

82 2246 105 2286 et
118 2245 152 2288 les
166 2245 248 2299 proces
259 2242 362 2300 engages
372 2257 415 2300 par
426 2247 533 2290 l'avocat.

81 2299 138 2339 Voir
151 2299 172 2341 le
182 2299 228 2339 Pro
237 2299 342 2347 Merene,
353 2311 387 2347 rx,
402 2303 426 2342 19
436 2303 458 2343 et
472 2301 532 2342 suiv.

107 2353 126 2393 3.
143 2352 261 2403 Lepci-unt.
280 2352 384 2397 sallusre
405 2353 533 2408 (eripuerim,

80 2410 172 2453 nxxxv)
187 2416 211 2447 se
223 2407 332 2448 souvient
344 2407 371 2450 de
385 2418 410 2449 ce
427 2407 533 2477 develop-

80 2459 175 2512 pement
202 2458 262 2500 dans
292 2458 314 2502 te
340 2460 448 2503 discours
476 2462 534 2515 quil

80 2513 144 2606 prete
160 2511 174 2553 a
188 2513 297 2554 Murius:
314 2512 364 2562 (lue
380 2514 413 2554 illi
424 2513 502 2556 andire
512 2519 534 2556 et

89 2577 152 2617 erpere
163 2565 242 2613 solent,
251 2578 323 2606 eerrnn
329 2570 416 2618 partein
426 2567 478 2617 ridi,
487 2568 534 2608 ulie

79 2623 163 2671 eponiet
185 2620 258 2670 possm
268 2631 323 2713 (pur
343 2619 378 2659 illi
399 2620 490 2671 litteris,
508 2633 534 2662 en

79 2677 163 2722 ersrnnet
179 2672 265 2713 militen
284 2686 296 2712 e
309 2671 386 2713 elirliri.

106 2727 125 2766 1.
143 2725 241 2766 selei-i...
258 2726 305 2766 elii.
325 2726 358 2767 Lu
374 2726 450 2767 meme
468 2722 533 2767 diffe-

79 2788 149 2820 rence
162 2779 190 2820 de
202 2790 256 2820 sens
268 2780 334 2821 entre
344 2779 413 2819 ceteri
425 2779 499 2821 etalii
509 2789 532 2821 se

80 2835 161 2874 nonin
178 2832 238 2873 ilaus
256 2833 276 2875 le
296 2832 342 2872 Pro
358 2831 450 2881 enlin,
461 2844 479 2880 1,
500 2834 509 2874 l
527 2846 531 2872 ι

79 2885 169 2927 Cereris
187 2885 295 2937 opitulari
313 2890 335 2926 et
354 2885 414 2926 allos
431 2898 519 2925 serrare
525 2898 533 2934 ,-

79 2937 138 2980 dnus
149 2940 169 2980 le
182 2939 226 2978 I’re
237 2938 310 2987 Sulla,
321 2951 355 2986 111,
367 2940 380 2979 9
391 2952 395 2977 :
409 2938 470 2987 (trieri
480 2938 533 2978 rrrilri

79 2992 162 3031 conanti
170 2992 302 3044 precipuum
313 2993 358 3046 suit
369 2995 451 3043 preter
463 2992 531 3040 elios,

79 3043 157 3098 nljern
168 3046 256 3097 praeuio
267 3058 313 3085 cren
325 3047 409 3088 ceteris
420 3058 467 3086 erse
478 3056 532 3085 eorn-

78 3110 139 3137 unrne
147 3111 153 3144 ;
162 3109 229 3145 xxxi.
242 3101 268 3139 117
279 3112 283 3138 2
300 3098 418 3140 Vehemens
431 3099 452 3137 in
464 3098 531 3147 ullor,

79 3150 222 3191 irreserabilis
232 3153 252 3190 in
262 3155 360 3194 cetoros.
369 3176 395 3181 -
405 3152 487 3195 Ceteri.
497 3152 531 3194 les

79 3207 159 3246 autres
173 3204 288 3252 hommes,
301 3205 324 3247 la
334 3216 414 3248 masse
429 3205 470 3247 des
486 3206 531 3248 lec·

78 3260 155 3305 leurs,
188 3257 236 3305 ulii,
268 3258 370 3301 d'autres
402 3255 529 3311 perreraux,

78 3320 136 3351 ceux
151 3311 191 3362 qui
204 3314 308 3372 perirent
323 3314 389 3354 amir
401 3312 530 3354 l'uruliilien

78 3363 105 3404 de
119 3365 245 3416 eonquerir
261 3376 307 3407 une
317 3367 436 3419 province.

104 3419 123 3455 11.
140 3416 271 3467 Serpentes.
286 3419 320 3460 La
333 3419 398 3460 setlle
409 3419 529 3466 militane,

79 3479 122 3522 par
140 3471 200 3511 suite
220 3471 241 3512 te
257 3473 347 3514 service
362 3483 407 3526 que
425 3472 471 3516 l'on
485 3474 531 3515 tait

79 3532 170 3564 comme
201 3524 286 3576 simple
310 3524 393 3566 seldat.
427 3523 529 3579 Pompee

590 1764 667 1806 obtint
675 1775 718 1806 son
727 1762 831 1816 premier
839 1763 966 1817 triumphe,
973 1773 998 1806 en
1008 1763 1035 1807 81,

590 1817 675 1878 al'age
687 1817 715 1860 de
728 1817 768 1859 rin
787 1817 845 1858 t-six
859 1827 911 1865 ans,
926 1815 992 1870 apres
1003 1826 1036 1858 ses

589 1870 701 1966 vlcgorres
716 1880 757 1911 sur
797 1870 887 1918 iarbas‚
901 1871 936 1912 roi
951 1871 979 1914 de
995 1871 1036 1912 Nu-

589 1936 621 1967 mr
641 1935 671 1966 re.

615 1980 635 2020 6.
650 1976 793 2018 Enerenerit.
811 1975 848 2018 cf.
869 1975 966 2023 Tenent,
982 1977 1007 2023 l',
1023 1987 1036 2023 1,

589 2034 615 2074 3:
627 2030 670 2073 Eos
685 2042 749 2071 carris
766 2030 789 2070 in
801 2029 880 2084 quilius
900 2042 934 2070 nre
953 2031 1037 2084 fortune

589 2085 726 2127 uehementer
735 2082 845 2126 exercuit.

615 2141 635 2180 7.
653 2137 730 2185 Cirile,
743 2137 767 2178 la
777 2146 862 2190 guerre
875 2137 947 2180 civile
964 2138 1037 2180 contre

589 2193 667 2234 Cinna
679 2191 937 2244 0100111001850181).

615 2247 634 2287 8.
650 2244 791 2306 Africanum,
813 2244 837 2286 la
856 2255 943 2298 guerre
963 2246 1037 2287 contre

589 2299 707 2403 lllornitrps
718 2300 740 2340 et
751 2297 862 2347 Hiarbas,
874 2298 909 2339 roi
920 2297 949 2340 de
962 2298 1037 2339 Numi

606 2353 627 2395 ie
648 2353 692 2393 81.

615 2352 833 2455 9.(Treneotpinunr,
860 2403 884 2446 la
908 2415 992 2458 guerre
1012 2415 1038 2447 en

590 2458 664 2500 Gaule
674 2457 706 2499 orl
719 2453 823 2510 Pompee
834 2458 947 2511 vainquit
957 2458 987 2499 M.
1000 2458 1038 2500 Le·

589 2513 667 2566 pidus,
684 2511 810 2564 proconsul
828 2511 870 2553 des
887 2511 984 2560 Gaules,
1001 2511 1038 2565 qui

589 2562 665 2660 s'eltlait
686 2562 785 2659 ssrrsurge
802 2563 872 2617 apres
894 2564 918 2606 la
936 2567 996 2606 niort
1013 2564 1037 2607 de

589 2621 619 2661 Sr
641 2629 654 2659 a
673 2618 714 2659 Τ.

607 2617 823 2723 ‘10.(lli.iprunienre.
850 2669 884 2713 La
905 2682 990 2732 guerre
1011 2682 1038 2714 eu

589 2727 700 2778 Espagne
719 2724 800 2766 contre
824 2725 945 2767 Sertorius
955 2724 1037 2778 (ri-71).

589 2779 623 2820 Cf.
640 2779 735 2825 Florus,
756 2778 786 2826 ll,
805 2788 840 2818 x:
864 2777 952 2818 Bellron
969 2776 1038 2818 Serto-

589 2833 675 2872 rianum
688 2830 767 2871 hostile
775 2831 853 2884 potius
863 2843 892 2871 nn
905 2830 969 2872 eier'le
981 2829 1037 2871 ‹tirre-

588 2886 638 2933 rirn,
658 2884 739 2932 nescio,
761 2883 839 2936 quippe
861 2882 921 2937 puori
941 2883 1038 2924 Lusitani

588 2938 732 2991 Celtiberique
747 2936 845 2977 Itornene
855 2937 967 2989 presserint
981 2936 1036 2977 duce.

618 2994 647 3033 11.
665 2989 757 3031 Ser-rite.
782 2990 816 3031 La
836 3000 922 3044 guerre
944 2990 985 3032 des
1005 3000 1036 3030 es-

588 3046 667 3087 claves
676 3044 741 3086 avait
751 3039 786 3085 ete
797 3053 826 3086 en
835 3039 918 3087 realite.
930 3039 1036 3086 termiue'e

588 3110 630 3152 par
648 3099 671 3140 la
687 3097 786 3139 victoiro
802 3097 835 3139 du
849 3093 945 3150 preteur
958 3098 988 3139 11.
1002 3097 1035 3138 Lt-

587 3153 666 3194 einius
687 3152 790 3192 Crassus
809 3161 849 3192 sur
866 3151 994 3203 Spartacus
1010 3160 1034 3192 en
1071 3188 1074 3195 .

587 3208 622 3246 11.
661 3207 678 3246 Α
712 3214 754 3245 son
788 3206 869 3246 retour
899 3203 1033 3258 d'Espaene.

588 3255 691 3311 Ponipeo
701 3257 767 3300 n'eut
778 3256 833 3310 qu'a
842 3253 948 3300 detruire
959 3259 990 3300 les
1000 3255 1033 3298 de

586 3313 636 3354 liris
649 3312 690 3354 des
701 3309 791 3352 trandes
806 3309 946 3359 d'esclaves,
962 3322 987 3354 ce
998 3309 1033 3363 qui

587 3366 620 3407 lui
636 3365 703 3407 101111
719 3364 740 3405 le
759 3364 875 3417 triomphe
891 3375 951 3417 pour
968 3365 989 3406 la
1005 3374 1033 3405 se·

585 3418 724 3461 condeiois.

611 3474 645 3514 12.
660 3471 756 3521 eluente,
768 3471 793 3513 la
803 3482 889 3525 guerre
900 3471 942 3514 des
952 3472 1032 3524 pirates

585 3527 636 3579 ren.
655 3525 711 3566 von
725 3536 747 3578 p.
760 3525 796 3567 er.
