2250 3818
247 237 273 301 11³
289 265 304 295 «
323 255 407 301 acrio
428 254 562 302 saeuum
583 255 613 300 m
635 256 661 301 a.
686 255 811 302 vaauen
828 266 841 297 »
967 242 1025 300 alti

60 395 106 455 sit
130 392 251 471 aliquis
273 392 306 451 in
328 392 443 452 litteris
468 392 603 464 Gavius,
628 392 689 453 hoc
710 394 830 470 fingere
853 398 884 452 et
908 392 1026 469 eligere

60 501 199 556 nomen,
217 485 253 541 ut
267 481 354 541 hunc
370 480 462 547 illum
479 498 550 542 esse
565 482 691 559 possim
705 482 824 555 dicere,
843 483 900 544 sed
919 482 958 542 ad
978 499 1026 541 ar·
1086 494 1095 505 ·

60 574 201 635 bitrium
211 576 305 632 tuum
320 574 419 632 testes
435 569 528 642 dabo,
545 571 599 647 qui
615 571 714 631 istum
731 573 839 649 ipsum
856 571 1026 650 Syracusis

61 664 122 723 abs
136 650 169 722 ¹te
184 662 218 739 in
232 661 409 721 lautumias
423 661 607 738 conjectum
621 677 693 720 esso
710 661 828 722 dicant.
845 661 1025 721 Producam

60 753 165 813 etlam
193 751 368 819 Consanos
396 750 579 828 municipes
609 749 697 811 illius
722 768 759 811 ac
788 751 1023 815 necessarios¹‚

61 841 169 919 quite
195 856 282 899 nunc
309 857 381 899 sero
406 838 552 911 doceant,
576 838 702 916 judices
727 857 792 900 non
819 857 907 905 sero,
934 841 1025 900 illum

61 932 96 990 P.
106 929 258 997 Gavium,
270 946 367 1005 quem
378 932 412 988 tu
423 928 457 988 in
468 945 598 989 enicem
610 929 716 1009 egisti,
726 930 831 990 civem
843 930 1024 989 Romanum

62 1025 96 1080 et
120 1017 325 1096 municipem
343 1019 541 1090 Consanum,
560 1035 626 1078 non
653 1018 890 1096 speculatorem
916 1018 1025 1095 fugiti-

60 1128 182 1172 vorum
196 1109 310 1170 tuisse.

102 1246 209 1311 inv.
227 1245 296 1313 165.
314 1243 394 1307 eum
407 1243 477 1305 heo
492 1242 613 1307 onmia.
634 1260 704 1319 quae
726 1243 893 1320 polliceor,
911 1260 1025 1303 cunut-

61 1336 124 1397 lata
153 1334 220 1394 tuis
246 1332 428 1410 proximis²
449 1332 543 1409 plana
562 1331 682 1402 lacero,
708 1335 777 1391 tum
803 1333 887 1391 istnc
917 1333 1026 1410 ipsum

61 1425 194 1495 tenebo,
212 1422 300 1499 quod
319 1422 377 1483 abs
399 1426 429 1482 te
456 1421 537 1487 mihi
559 1420 676 1481 datur:
699 1438 737 1480 eo
760 1424 948 1481 contentum
973 1438 1025 1480 me

64 1531 136 1575 esse
157 1514 275 1574 dicam.
305 1510 388 1582 Quid
415 1511 502 1575 enim
525 1528 629 1587 nuper
652 1514 685 1569 tu
707 1510 787 1586 ipse,
814 1528 889 1570 curn
913 1509 1025 1588 populi

64 1602 203 1665 Romani
218 1601 358 1661 clamore
374 1604 469 1677 atque
483 1600 607 1677 impetu
623 1600 830 1676 perturbatus
851 1598 1022 1670 exsiluisti,

60 1691 154 1771 ⁴quid,
173 1692 317 1769 iuquam,
335 1689 462 1751 locutus
486 1689 543 1749 esi
567 1688 674 1757 illum,
693 1689 779 1765 quod
798 1706 925 1753 moram
951 1704 1025 1766 sup-

70 1782 162 1859 plicio
184 1772 353 1861 quaereret,
377 1778 450 1839 ideo
474 1778 659 1839 clamitasse
682 1795 717 1837 se
740 1796 811 1839 esse
836 1779 941 1839 civem
963 1778 1024 1839 Ro-

71 1888 208 1943 manum,
238 1867 294 1931 sed
325 1868 561 1947 speculatorem
588 1867 701 1927 luisse.
725 1869 798 1927 Jarn
826 1868 887 1927 mei
924 1873 1023 1928 testes

75 1962 132 2027 veri
150 1964 236 2023 sunt.
252 1959 334 2033 Quid
356 1958 443 2017 enim
460 1956 537 2016 dicit
556 1958 643 2021 aliud
659 1957 690 2017 C.
706 1958 918 2023 Numitorius,
947 1956 1024 2034 quid

78 2050 110 2118 ll.
123 2055 153 2112 et
166 2053 199 2113 P.
218 2049 324 2115 Cottii,
344 2047 542 2113 nobilissimi
565 2047 728 2113 homines,
747 2065 785 2111 ex
806 2065 881 2123 agro
907 2050 1025 2107 Tauro-

80 2140 230 2203 menitano
242 2140 265 2212 ⁷¹,
290 2135 367 2215 quid
384 2136 420 2209 Q.
438 2136 604 2207 Lucceius,
622 2136 676 2212 qui
700 2136 914 2213 argentariam
934 2136 1023 2213 Regii

84 2227 342 2293 naiirnamteeit,
361 2226 436 2303 quid
454 2225 575 2286 ceteri?
590 2224 701 2285 Adhuc
715 2225 801 2284 onim
819 2230 917 2285 testes
933 2243 972 2285 en
987 2243 1024 2285 eo

85 2330 181 2389 genere
202 2336 221 2378 a
243 2333 295 2377 me
320 2321 395 2377 sunt
407 2314 483 2385 dati,
501 2332 567 2375 non
583 2314 637 2395 qui
651 2314 782 2375 novisse
799 2315 945 2386 Gavium,
968 2314 1024 2374 sed

87 2407 235 2467 sevidisse
256 2404 411 2487 dicerent,
431 2422 505 2470 cum
529 2403 639 2480 isqui
661 2421 695 2462 se
710 2403 816 2462 civem
842 2404 1024 2464 Romanum

88 2505 141 2555 esse
160 2496 325 2565 clamaret,
352 2496 384 2553 in
408 2511 538 2555 crucam
566 2497 725 2570 ageretur.
743 2493 810 2552 Hoc
831 2497 876 2558 tu,
894 2495 1021 2557 Verres,

88 2574 152 2647 idem
162 2584 255 2657 dicis,
269 2583 331 2643 hoc
342 2587 375 2642 tu
389 2583 565 2654 confiteris
577 2582 670 2641 illum
680 2581 865 2642 clariritasse
876 2600 909 2642 se
921 2582 1025 2642 cii'em

86 2660 140 2731 'tsse
157 2673 356 2745 Romanum;
380 2671 465 2749 apud
487 2674 517 2731 te
533 2687 654 2730 nomen
674 2669 813 2729 civitatis
838 2688 878 2730 ne
899 2675 1024 2731 tantum

90 2758 196 2831 quidem
212 2759 364 2832 valuisse,
383 2765 417 2819 ut
432 2760 665 2820 dubitationem
687 2758 840 2835 aliquam,
857 2764 891 2818 ut
912 2759 1025 2819 erude-

89 2840 181 2913 lissimi
196 2850 444 2927 teterrimiquel
460 2848 614 2928 supplicii
637 2848 779 2926 aliquam
804 2866 937 2925 parvam
960 2865 1027 2907 mo·

90 2947 140 2999 iam
152 2941 265 3005 saltem
280 2942 391 3018 posset
405 2939 530 2999 afferre.

116 3048 174 3111 lto.
198 3053 265 3111 Hoc
279 3053 386 3123 teneo,
408 3048 462 3109 hic
477 3049 597 3120 hereo,
614 3047 755 3124 judices,
776 3048 838 3106 hoc
859 3063 932 3108 sum
953 3062 1024 3105 con·

91 3134 174 3199 lenius
186 3157 263 3209 uno,
277 3138 394 3198 omitto
410 3155 447 3197 ac
460 3138 597 3215 neglego
609 3143 732 3210 cetera3
746 3154 805 3196 sua
820 3135 1025 3195 consessione

110 3320 279 3367 thesaurisas,
295 3323 352 3366 Voir
363 3324 386 3367 la
400 3326 454 3367 nole
467 3325 474 3364 l
487 3321 515 3365 de
598 3324 610 3364 3
636 3319 673 3360 En·
687 3333 742 3373 ‘ipro
760 3319 951 3363 'l'tttti'omt'itiiuitm
969 3321 1028 3362 'still-

92 3366 164 3466 lupaue
173 3379 220 3422 lost,
572 3375 716 3425 romeninm,
728 3373 785 3415 villo
796 3372 826 3416 de
837 3373 861 3415 la
869 3373 941 3423 Siclle
952 3375 1028 3425 orieri-

108 3436 125 3469 ·.
143 3431 262 3473 Proximis.
290 3430 367 3474 tiemo
392 3440 447 3474 sons
471 3442 517 3485 true
573 3429 629 3473 talo.

90 3482 140 3533 diple
152 3486 276 3528 emicarent.
291 3484 350 3526 Voir
364 3484 388 3527 la
399 3488 453 3528 note
465 3483 477 3527 t
489 3485 518 3527 de
599 3486 620 3526 l.
638 3481 804 3541 Tolera-indque.
817 3483 1036 3541 Tarsumennum

91 3530 108 3573 ¹³
119 3545 169 3591 ldae
177 3540 212 3582 tl.
572 3538 594 3581 le
609 3537 709 3592 deserit,
717 3544 880 3598 repoussant.
