2244 3848
379 144 416 193 tu
438 155 453 186 «
477 148 535 193 nno
555 149 582 192 n.
607 149 716 193 iunceo
739 158 752 188 »
991 134 1049 193 aba

76 279 191 357 vobis
215 277 270 361 qui
287 284 385 344 vestri
405 285 569 344 similibus
585 287 709 362 placere
725 286 845 364 cupiat,
860 287 915 363 qui
936 287 1050 363 optimi

78 381 183 452 atquo
208 373 404 451 amplissimi
439 374 599 452 cujusque
626 375 770 434 bominis
800 379 895 452 atque
927 376 1050 436 ordinis

78 463 314 524 auctoritatem
333 463 442 540 magni
467 466 569 540 putet,
595 481 671 523 cum
693 464 781 523 illam
803 465 888 524 viam
914 464 976 524 sibi
1001 466 1048 524 vi-

77 553 183 614 deant
206 551 441 630 expeditiorem
467 551 506 612 ad
532 553 685 625 honoreS,
712 557 743 613 et
769 554 806 613 ad
833 555 954 626 omnia,
977 571 1048 631 quae

78 643 361 720 concupiverunt?

120 759 219 819 XLII.
245 758 308 819 Sed
327 762 435 818 cetera
455 758 520 818 sint
543 776 678 831 eorum;
700 758 763 818 sibi
782 759 921 819 habeant
937 765 1049 836 poten-

79 848 174 922 tiam,
209 848 271 909 sibi
298 849 451 921 bonores,
483 846 544 907 sibi
578 852 761 908 ceterorum
796 849 1047 910 commodorum

79 955 232 999 summas
254 937 440 1010 facultatem
464 937 626 1010 licentiis,
642 938 697 1015 qui
711 938 780 999 baec
796 937 886 998 salva
904 956 975 998 esse
988 957 1047 999 vo-

78 1032 223 1103 luerunt,
241 1028 320 1104 ipsis
340 1043 413 1088 esse
433 1026 542 1087 salvis.
568 1028 637 1086 loo.
659 1027 762 1088 Nolite
782 1028 922 1105 judiees,
940 1029 1047 1089 existi·

78 1135 172 1179 maro
202 1135 270 1192 ecs,
301 1117 420 1194 quibus
452 1116 637 1193 integrum¹
664 1122 723 1189 est,
750 1118 805 1195 qui
834 1118 979 1178 nondum
1007 1119 1046 1179 ad

78 1207 224 1269 bonores
249 1210 468 1283 accesserunt,
492 1224 558 1265 non
581 1211 766 1283 exspectare
791 1208 890 1284 hujus
923 1209 1046 1269 exitum

75 1296 205 1374 judicii.
230 1297 262 1358 Si
280 1300 314 1358 L.
336 1296 450 1356 Flacco
474 1300 584 1356 tantus
609 1313 701 1354 amor
726 1296 759 1356 in
781 1297 885 1356 bonos
918 1316 1043 1372 omnes,

78 1393 207 1448 lautum
223 1387 258 1446 in
275 1386 524 1464 rempublicam
546 1385 702 1460 studium,
720 1386 894 1446 calamitati
912 1389 921 1420 ²
936 1387 1043 1462 luerit,

78 1496 178 1554 quem
200 1477 337 1554 posthac
358 1480 424 1537 tam
449 1479 635 1535 anionlem³
658 1476 727 1535 sore
748 1477 880 1554 putatis,
902 1477 957 1554 qui
976 1496 1041 1538 non

77 1567 170 1627 illam
184 1567 271 1627 viam
287 1567 372 1639 vitae,
389 1583 487 1643 quam
506 1570 582 1624 ante
595 1565 794 1642 praecipitem
813 1572 844 1625 et
863 1566 1022 1627 lubricam
1036 1562 1044 1594 ⁵

77 1673 150 1717 esse
179 1656 330 1730 ducebat,
360 1655 436 1715 huic
464 1655 568 1732 planae
595 1659 625 1713 et
653 1655 761 1715 stabili
789 1657 1040 1734 praeponendam

77 1764 149 1807 osse
166 1747 359 1807 arbitretur?
375 1745 467 1816 Quod
487 1745 514 1805 si
531 1745 645 1805 talium
666 1745 787 1806 civium
805 1764 874 1821 vos
896 1746 1037 1824 judices

75 1835 184 1909 tradet,
202 1835 382 1908 ostendil03
397 1835 572 1895 mutabunt
582 1836 790 1907 sententiam,
803 1837 857 1914 qui
871 1841 1039 1915 poterunt3

75 1925 287 1998 constituent,
311 1924 388 2002 quid
411 1928 516 2001 agant,
543 1926 662 2001 quibus
686 1926 848 2003 integrum
870 1931 939 2001 est;
967 1945 1040 2004 nos,

75 2015 130 2092 qui
145 2015 215 2091 J'am
230 2013 395 2092 progressi
416 2030 543 2087 sumus,
561 2013 649 2073 bunc
668 2015 791 2074 exitum
806 2020 925 2075 nostrae
939 2020 1040 2075 teme-

75 2105 181 2165 ritatis
203 2104 356 2164 teramus.
380 2102 436 2162 Sin
456 2103 519 2163 hoc
537 2103 646 2163 animo
667 2105 944 2180 quamplurimos
967 2122 1038 2164 csse

74 2192 186 2269 vultis,
201 2193 407 2254 declarabitis
425 2193 486 2252 hoc
500 2192 637 2269 judicio,
655 2192 732 2269 quid
748 2194 906 2254 sentiatis.

110 2356 149 2410 lic
167 2354 303 2409 discours
318 2370 349 2407 sc
365 2351 490 2407 termine
506 2369 558 2423 par
571 2370 612 2407 uu
625 2354 767 2407 touchant
779 2354 864 2425 appel
880 2372 937 2411 aur
950 2355 1037 2426 jures

75 2453 111 2491 en
131 2436 236 2490 favour
256 2434 296 2489 du
317 2433 363 2488 fils
388 2432 423 2486 dc
439 2432 575 2495 l'accusd,
596 2433 644 2503 qui
666 2439 710 2487 est
731 2434 804 2489 daus
825 2453 867 2490 un
890 2436 941 2507 alge
963 2438 1037 2492 odil

74 2521 146 2589 peut
164 2514 233 2587 ddja
252 2514 447 2585 comprcnllre
472 2511 636 2568 l'afssiction
657 2514 692 2569 dr
712 2532 766 2569 sou
789 2517 869 2586 prere,
887 2534 955 2572 suus
976 2520 1037 2572 lli-e

74 2596 198 2670 capable
221 2610 327 2650 encore
348 2594 396 2666 d'y
417 2599 517 2665 portrr
533 2594 661 2664 remdde‚
680 2596 730 2665 qui
747 2613 764 2651 a
789 2596 892 2651 besoin
910 2615 966 2668 que
984 2616 1036 2652 sou

73 2678 144 2749 perc
160 2676 202 2731 lui
219 2677 276 2730 soit
291 2677 429 2730 conserve
447 2692 522 2746 pour
536 2674 701 2746 apprendre
716 2676 751 2730 dc
768 2677 809 2731 lui
823 2677 840 2731 d
856 2677 980 2732 devenir
995 2695 1035 2732 un

73 2758 133 2814 bon
151 2760 182 2813 et
195 2754 268 2813 utile
285 2754 402 2825 citoyen
420 2757 440 2811 ὁ.

71 2907 192 2964 quenlatll
206 2906 235 2951 de
249 2907 331 2961 sepum:
344 2909 392 2949 rnot
402 2917 448 2960 que
461 2903 524 2948 Cici-
606 2906 626 2948 3.
638 2909 760 2953 illimatam,
775 2911 831 2952 l'uir
843 2910 863 2952 la
877 2914 930 2955 nole
943 2912 955 2953 2
969 2912 997 2954 de
1011 2913 1033 2954 ln

71 2974 114 3005 ron
129 2962 233 3015 eurplole
244 2960 290 3004 tres
302 2963 409 3003 souvent.
580 2971 603 3013 p.
618 2959 665 3003 llll.

96 3018 117 3057 l.
132 3014 248 3067 interp-nm
262 3015 293 3068 (in
308 3020 392 3067 tuupm.
405 3014 468 3056 Cellx
482 3013 523 3067 qui
609 3015 807 3058 l.l1ob·lmm.ct
831 3017 862 3056 ln»
886 3019 916 3060 lle
934 3018 1034 3060 Publicii.

69 3070 137 3112 ll'ont
149 3080 193 3122 pas
211 3065 247 3111 ὀῑό
262 3078 347 3111 encore
369 3066 465 3111 rotulus
482 3078 523 3120 par
580 3068 597 3115 l,
610 3080 693 3119 xxxin,
702 3069 726 3110 tl
742 3070 847 3112 :Milium
860 3077 892 3111 cs!
904 3086 974 3124 plnum
987 3073 1037 3113 illu-

70 3124 95 3166 la
111 3124 150 3167 vie
167 3122 290 3178 politique.
304 3124 340 3164 0n
363 3122 389 3164 lit
407 3121 468 3162 dalis
491 3133 523 3162 un
579 3135 708 3163 recurreram
722 3122 929 3178 publicummrquad
941 3138 983 3166 nou
1000 3126 1037 3165 lm—

71 3178 196 3231 frugment
215 3175 245 3219 de
269 3175 388 3219 Sallusle:
405 3173 528 3229 suffronio
583 3175 634 3216 teat
649 3176 691 3215 itur
701 3176 731 3213 ud
741 3178 857 3230 finilimmu
869 3179 977 3232 praeditum
991 3193 1035 3219 reru-

71 3232 168 3282 intem.
187 3230 250 3273 celui
273 3231 313 3284 qui
333 3229 371 3272 rl'a
386 3241 429 3282 pas
441 3240 526 3271 encore
584 3229 770 3283 ltltllpt¹it²rl718dc
782 3232 895 3276 lubricum.

71 3283 108 3328 ete
122 3246 203 3339 s'objet
221 3284 262 3326 dea
279 3282 396 3337 suffragor*
412 3282 453 3326 dcs
471 3282 528 3326 elec·
609 3281 629 3324 5.
642 3284 670 3324 Cu
680 3285 752 3344 jaune
762 3286 936 3329 ltonrmesuivit
946 3287 1035 3341 lepurli

73 3341 150 3383 leurs,
583 3335 611 3377 dc
623 3337 732 3390 l’ornprc.
745 3338 851 3391 perulant
863 3340 883 3382 lu
899 3352 984 3396 guerre
1000 3344 1032 3384 ci-

98 3392 120 3435 2.
134 3391 276 3435 t'ulunu'tutt.
299 3392 354 3432 l'oir
374 3391 395 3431 la
408 3393 462 3434 note
473 3390 486 3432 b
498 3391 526 3429 ab·
584 3390 636 3432 vile.
646 3391 663 3431 ll
674 3392 683 3432 l
686 3395 710 3432 ut
721 3392 759 3434 tui·
770 3393 856 3437 derant
868 3396 1034 3448 Dyrrachium.

73 3447 133 3501 lap.
148 3444 198 3488 228.
582 3443 663 3493 (usar,
678 3445 709 3486 lle
735 3446 797 3488 llrllc
816 3446 885 3499 cirili2
907 3451 952 3500 Ill,
968 3462 1031 3501 [1113
