2250 3818
80 239 135 295 lltl
443 253 495 294 ms
519 254 667 296 venerans

79 389 252 449 damnatus
267 388 395 471 dixerit,
411 386 549 447 minoris
560 389 608 448 HS
624 389 756 450 triciens
771 392 965 468 praetorium
981 393 1031 453 ho·

79 480 202 539 minem
220 479 354 538 honeste
370 495 436 536 non
460 494 556 555 posse
579 477 743 552 damnari3
758 479 838 557 quid
855 481 911 554 sit,
943 483 1031 558 quod.

77 571 110 628 P.
130 567 286 645 Septimio
304 571 452 627 senatore
472 567 688 640 damnarat).
709 569 884 630 Hortensio
902 575 1031 648 praetore

79 658 117 718 de
133 658 282 735 pecuniis
303 656 504 734 repetundis,
519 656 560 716 lis
582 658 760 718 aestimata¹
778 659 873 719 sileo
892 662 1031 733 nomine,

77 747 232 824 quodille
258 747 298 807 ob
321 764 390 806 rem
410 745 619 822 Judicandam
644 748 817 825 pecuniam
841 750 1031 828 accepisset.

76 839 126 896 39.
144 837 235 908 Quod
248 837 281 896 in
299 837 335 917 C„
348 837 521 909 Herennio,
544 836 632 913 quod
645 837 679 897 in
695 838 726 897 C.
743 837 881 915 Popilio,
915 844 1031 900 senato·

76 928 177 993 ribus,
204 928 260 1003 qui
284 927 380 985 ambo
405 926 574 1002 peculatus
597 926 740 986 damnati
761 931 850 1001 sunt,
884 928 976 1005 quod
1005 929 1031 987 in

77 1018 116 1078 M.
126 1017 234 1076 Attilio
246 1017 328 1093 2‚qui
341 1014 379 1074 de
391 1016 559 1092 majestate
571 1016 742 1076 damnatus
753 1020 813 1090 est,
828 1017 890 1076 hoc
903 1017 1031 1095 planum

78 1106 199 1166 sactum
216 1106 267 1180 sit,
286 1122 353 1179 eoa,
374 1105 546 1182 pecuniam
565 1106 606 1164 oh
628 1122 697 1165 rem
714 1105 932 1182 judicandam
950 1124 1031 1168 acce-

78 1196 185 1273 pisse,
202 1194 420 1272 quodinventi
437 1194 502 1253 sint
515 1198 694 1267 senatores,
711 1195 779 1272 qui,
795 1196 827 1254 C.
845 1197 945 1256 Verre
959 1214 1031 1274 pne·

78 1290 147 1344 tore
171 1285 294 1343 urbano
311 1283 465 1343 sortiente
480 1285 500 1357 ³,
519 1284 660 1343 exirenr
673 1284 706 1342 in
727 1301 801 1343 oum
816 1301 925 1359 reum,
942 1302 1031 1363 quem

79 1374 244 1452 incognita
262 1390 359 1433 causa
374 1372 639 1446 condemnarent,
657 1372 742 1450 quod
764 1374 918 1435 inventus
934 1375 974 1434 sit
988 1391 1030 1435 se-

80 1461 215 1537 natori,¹
229 1463 284 1540 qui
301 1480 375 1522 cum
394 1461 496 1539 judex
513 1467 600 1523 esset
622 1463 656 1521 in
672 1462 786 1523 eodem
796 1463 936 1540 judicio,
951 1469 981 1524 et
995 1463 1029 1523 al)

78 1570 133 1612 reo
150 1553 323 1629 pecuniam
338 1552 508 1629 acciperet,
527 1569 623 1628 quam
636 1552 804 1629 judicibus
822 1551 990 1626 divideret,
1003 1558 1028 1613 et

77 1642 115 1702 ab
138 1647 336 1714 accusatore,
354 1645 389 1700 ut
404 1657 497 1700 reum
517 1640 758 1701 condemnaret.
781 1642 853 1702 Jam
878 1659 956 1703 vero
972 1658 1028 1719 quo

76 1730 173 1790 modo
191 1747 249 1807 ego
263 1729 354 1790 illam
370 1730 487 1803 labem,
505 1730 730 1806 ignominiam,
750 1729 1025 1808 calamitatemque

77 1820 178 1879 totius
192 1819 316 1879 ordinis
333 1836 523 1896 conquerar,
541 1820 602 1878 hoc
619 1819 739 1880 lactum
755 1836 829 1880 esse
843 1819 877 1879 in
892 1818 1027 1881 hacoivi-

78 1912 152 1981 tate,
172 1925 246 1968 cum
263 1909 445 1968 senatorius
471 1908 548 1969 ordo
570 1908 743 1985 judicaret,
761 1912 796 1968 ut
817 1908 1026 1970 discoloribus

79 2007 204 2083 signist
225 2008 408 2085 juratorum
428 2008 599 2067 hominum
625 2008 792 2067 sententiae
816 2004 1027 2067 notarentur?

79 2098 152 2156 llaec
175 2098 285 2156 omnia
310 2114 362 2158 me
390 2096 559 2174 diligenter
586 2113 762 2174 severeque
791 2100 942 2157 acturum
964 2111 1026 2155 esse

78 2186 244 2263 polliceor.

118 2385 173 2440 lll.
195 2415 229 2424 —
250 2384 277 2437 l:
295 2406 309 2432 (ι
325 2383 445 2438 stallo
471 2383 659 2438 SECUNDA
683 2385 728 2438 ΙΝ
752 2384 781 2438 C.
802 2385 997 2440 VERREM»

147 2556 174 2592 Α.
191 2569 226 2578 ·-
241 2558 254 2587 ί(
272 2554 398 2592 ACTIONIS
418 2554 444 2591 IN
464 2554 488 2591 C·
509 2554 619 2591 VERREM
639 2555 766 2594 SECUNDAE
786 2555 865 2592 LIBER
881 2556 979 2594 Patulus

388 2634 421 2671 DE
441 2635 571 2672 PRAETURA
590 2635 699 2673 URBANA
715 2640 729 2668 t>

115 2765 151 2818 lle
175 2763 304 2834 premier
318 2762 391 2815 livre
408 2761 444 2815 de
467 2761 496 2816 la
520 2762 646 2817 seconde
667 2761 765 2816 action
788 2764 889 2817 estun
910 2761 1031 2834 requisi·

105 2896 392 2940 r.transcurrentium
408 2896 527 2942 aetimare,
612 2896 634 2939 5.
662 2898 770 2940 Semelen.
801 2897 831 2939 Ge
857 2896 970 2941 senaieul·
1001 2896 1030 2936 eil

81 2953 137 2996 c'esl
155 2952 251 2994 evalucr
267 2951 290 2992 la
310 2959 401 2992 somme
425 2950 532 3001 d'argent
586 2949 611 2990 C.
630 2949 707 2991 AElius
721 2951 833 2993 Staienus
855 2951 895 3004 qui
909 2953 1031 3000 avaitrecu

81 3018 122 3048 sur
133 3005 235 3059 laquelle
249 3006 314 3058 porte
322 3004 342 3045 le
352 3002 421 3045 alebat
436 3004 442 3047 t
446 3003 490 3055 lle).
585 3003 613 3044 de
629 3002 728 3055 largent
737 3003 765 3046 de
778 3003 879 3046 l'arrust
890 3004 1031 3058 Oppianicus

106 3059 129 3102 2.
143 3059 168 3099 Ρ.
186 3059 330 3111 septonia...
344 3056 373 3098 ll.
386 3056 477 3096 ,lllllio
496 3055 531 3096 Ci-
585 3060 607 3098 et
617 3056 644 3098 de
656 3056 812 3099 l'arrusatenr
821 3056 958 3100 Cluentius.
971 3055 1030 3098 Cici-

81 3113 152 3154 ceum
177 3113 282 3165 rappellu
312 3110 461 3163 rapidemenl
481 3109 533 3162 plu·
588 3121 631 3152 ron
646 3111 733 3163 charge
744 3121 770 3153 ce
782 3121 930 3164 personnage
944 3111 1031 3153 dansce

79 3168 156 3208 sieurs
168 3177 208 3207 cas
220 3166 248 3208 de
259 3165 395 3217 corruption
408 3163 533 3204 'udiciaire
587 3163 696 3205 discours
713 3163 743 3206 od
760 3164 776 3205 il
793 3168 849 3206 veut
874 3164 1031 3207 deconsiderc

79 3221 134 3262 bien
149 3231 240 3261 cunnus
264 3219 344 3260 deses
366 3218 491 3259 arititrnrs
511 3220 533 3258 et
588 3218 608 3258 le
633 3214 716 3259 Sonat:
739 3217 798 3259 daus
818 3217 840 3259 lc
859 3217 905 3258 l’ro
926 3216 1028 3258 t’tuouio.

78 3274 135 3315 dont
150 3284 210 3314 nous
225 3283 253 3314 ue
265 3283 352 3313 salvans
362 3272 424 3314 rien.
589 3270 689 3311 l'intdrit
704 3271 731 3312 da
757 3280 800 3313 son
823 3271 898 3313 client
918 3272 1030 3314 Cluentius

106 3328 129 3368 ³.
158 3327 283 3368 sortiente.
307 3325 389 3368 C'etart
420 3334 466 3365 une
494 3323 533 3365 des
589 3323 727 3367 lolorrcra,
746 3325 1030 3372 a11routraire,dldrltrr

80 3379 201 3421 fonctions
221 3379 252 3420 dn
278 3379 372 3432 pretem-
394 3378 481 3419 urlmin
505 3377 533 3419 de
588 3377 730 3430 deprouver
747 3389 793 3431 que
808 3379 922 3420 Staienus
936 3377 1030 3419 n'nnun

84 3434 143 3476 tiron
153 3444 184 3474 au
201 3433 279 3474 sortle
293 3443 348 3474 nom
360 3430 402 3474 des
411 3433 490 3484 juges.
588 3430 695 3483 d'arpent
706 3443 751 3485 quo
766 3431 946 3486 d‘Oppianirus.

107 3485 240 3530 alienent
257 3486 277 3525 iu
294 3484 534 3527 2·n‹1›1.l·)n·1=einsi-
615 3485 638 3527 o.
668 3484 816 3525 [lisceto-tour
843 3485 864 3524 si
881 3486 925 3535 nis,
945 3482 1031 3527 l'ulrlu

74 3538 149 3593 gallic
165 3539 197 3582 lei
209 3539 241 3580 ire
252 3538 357 3581 aaronis
369 3550 439 3582 rrum.
589 3540 644 3580 nou
657 3536 709 3580 lde
724 3538 747 3580 la
762 3548 821 3591 page
834 3498 885 3583 1³?-
