2250 3818
75 242 135 299 “tlt
447 255 500 299 nas
521 256 672 301 varamus

76 390 251 467 religiones
270 390 390 463 lerunt,
408 391 502 470 longe
519 391 672 452 maximis
692 393 792 468 atque
809 383 1021 449 occultissimis

77 480 275 541 caerimoniis
306 479 526 554 continentur,
551 482 712 558 aquibus
736 477 832 539 initia
855 479 929 538 vita
948 479 1022 552 atque

77 571 194 642 victus,
219 586 361 641 morum,
388 570 509 647 legum,
528 569 805 641 mansuetudinis
831 563 1023 626 humanitatis

81 660 229 737 exempla
248 659 438 717 horninibus
461 663 492 719 et
513 660 698 720 civitatibus
721 657 798 717 data
817 674 856 716 ac
876 654 1023 733 dispertita

82 766 152 808 esse
181 749 341 822 dicuntur,
374 766 514 824 quarum
540 767 632 809 saera
658 744 1022 826 p‹›puluslt01nanuo¹a

82 838 201 898 Graecis
217 838 341 898 adscita
351 842 387 896 et
401 841 545 915 accepta,
562 842 650 899 tanta
667 837 838 915 religione,
855 839 888 896 et
900 833 1020 912 publice,

83 932 115 987 et
129 928 280 1004 privatim
296 930 417 1000 tuetur,
436 943 502 987 non
517 931 553 987 ut
575 927 695 987 abillis
716 926 781 986 huc
799 925 908 996 allata,
931 923 980 984 sed
994 923 1022 981 ut

82 1018 197 1076 ceteris
219 1017 294 1074 hine
314 1015 429 1075 tradita
451 1033 522 1076 esse
542 1017 723 1089 videantur,
745 1033 817 1091 qua
836 1015 877 1074 ab
900 1015 958 1073 isto
971 1026 1022 1071 uno
1052 1030 1055 1035 ·

81 1107 128 1165 sic
155 1106 277 1181 polluta
304 1108 336 1164 et
360 1105 478 1165 violata
505 1112 591 1177 sunt,
617 1110 653 1166 ut
680 1105 899 1164 simulacrum
920 1100 1025 1164 Cereris

81 1212 196 1267 unum,
222 1194 308 1270 quod
326 1213 344 1254 a
360 1195 429 1254 viro
449 1213 516 1254 non
535 1195 632 1255 modo
654 1194 755 1271 tangi,
779 1193 837 1253 sed
859 1210 900 1253 ne
920 1180 1033 1268 adspici'
1069 1250 1072 1259 ,

82 1283 215 1360 quidem
246 1283 293 1342 ias
317 1283 391 1357 fuit,
416 1301 432 1343 e
460 1286 601 1345 sacrario
631 1283 762 1344 Catina2
793 1279 1026 1342 convellendum

82 1373 363 1450 auferendumque
382 1374 554 1447 curaverit,
577 1375 714 1433 alterum
733 1375 845 1432 autem
868 1373 976 1431 Henna
996 1384 1029 1428 ex

82 1480 141 1522 sua
160 1463 236 1522 sedo
258 1481 296 1522 ac
318 1462 415 1522 domo
438 1464 615 1538 sustulerit,
637 1462 722 1540 quod
742 1465 810 1521 erat
830 1461 907 1532 tale,
931 1464 965 1518 ut
981 1458 1035 1517 ho-

83 1553 200 1623 mines,
228 1569 303 1611 eum
325 1552 482 1626 viderent,
504 1556 560 1612 aut
576 1553 680 1631 ipsam
701 1550 811 1611 videre
827 1567 864 1610 se
883 1550 1036 1611 Cererem.

85 1645 140 1701 aut
152 1642 294 1719 elligiem
308 1642 442 1715 Cereris,
455 1658 521 1701 non
534 1644 677 1702 bumana
690 1657 790 1700 manu
806 1640 926 1700 iactam
937 1637 991 1698 sed
999 1635 1045 1696 de

85 1731 163 1790 carlo
181 1730 358 1807 delapsam,
378 1732 621 1792 arbitrarentur.

128 1831 196 1888 188.
221 1832 285 1889 Vos
309 1831 406 1890 etiarn
431 1835 527 1909 atque
551 1832 649 1892 etiarn
676 1831 817 1910 imploro
845 1834 877 1890 et
902 1826 1051 1906 appello,

85 1920 300 1979 sanctissimae
315 1921 398 1993 Deae,
413 1938 483 1997 quae
500 1921 574 1981 illos
586 1923 775 1980 Hennenses
786 1922 878 1980 lacus
889 1920 1056 1993 lucosque

85 2009 237 2084 ineoliliS,
264 2014 451 2086 cunctaque
474 2010 604 2082 Sicilire,
631 2028 701 2086 quse
732 2009 813 2068 mihi
845 2002 1056 2068 defendenda

84 2098 201 2157 tradita
215 2103 274 2170 est,
293 2098 485 2175 praesidetis
504 2117 521 2158 a
537 2101 655 2177 quibus
670 2099 811 2159 inventis
831 2097 989 2173 frugibus,
1009 2094 1052 2150 et

84 2187 117 2245 in
141 2188 254 2245 orbern
276 2191 436 2246 terrarum
457 2188 650 2260 distributis
670 2203 785 2247 ornnes
805 2190 919 2263 gentes
939 2201 973 2244 ac
987 2197 1048 2241 na-

83 2277 188 2334 tiones
210 2278 308 2335 vestri
330 2277 487 2353 religione
505 2277 650 2337 numinis
670 2277 894 2347 continentur;
918 2277 1042 2334 ceteros

84 2366 161 2422 item
180 2366 262 2423 Deos
279 2367 425 2442 Deosque
441 2384 556 2426 omnes
573 2367 713 2444 imploro
731 2370 762 2426 et
784 2366 942 2436 obtestor,
962 2376 1037 2439 quo-

84 2472 158 2513 rurn
187 2455 318 2531 templis
342 2461 373 2513 et
402 2457 614 2534 religionibus
642 2457 714 2528 iste,
746 2454 873 2514 nefario
902 2450 1031 2531 quodam

84 2543 193 2601 surore
230 2548 260 2601 et
293 2543 427 2603 audacia
461 2546 647 2615 instinctus
687 2545 809 2604 bellum
849 2543 1026 2619 sacrilegum

86 2649 216 2709 semper
240 2632 443 2710 impiumque
471 2635 585 2693 habuit
607 2634 777 2705 indictuni,
807 2637 855 2709 ut,
879 2633 906 2692 si
930 2633 960 2690 in
978 2630 1023 2687 loe

85 2738 151 2794 ree,
182 2726 278 2797 atque
309 2723 342 2780 in
372 2724 429 2782 bac
459 2741 567 2796 causa,
600 2724 709 2782 oninia
738 2740 812 2783 mea
842 2721 974 2782 consilia
995 2710 1020 2773 ad

86 2810 225 2869 salutern
255 2812 430 2884 sociorum,
464 2813 652 2891 dignitatern
683 2814 729 2872 rel
764 2811 915 2890 publicae,
947 2808 1018 2868 loen

85 2918 192 2959 meant
215 2892 452 2977 spectaverunt,
477 2903 504 2961 si
525 2903 649 2961 nullam
668 2903 707 2962 ad
728 2920 809 2973 rem,
831 2902 896 2960 nisi
917 2900 952 2959 ad
971 2890 1018 2956 off·

84 2991 171 3048 eiunr
198 2995 228 3049 et
248 2992 399 3050 virtutem
423 3009 537 3051 ornnes
561 3010 640 3051 rneae
661 3009 758 3065 ouria,
776 2992 907 3067 vigilia,
925 2986 1018 3063 eogita-

82 3080 254 3154 tionesque
271 3081 487 3153 elaborarunt,
505 3100 575 3158 qum
590 3099 662 3139 moa
675 3098 768 3140 inens
790 3082 824 3139 in
838 3069 1020 3155 suscipiendo

84 3186 182 3227 eausa
204 3170 273 3243 t'nit,
295 3169 375 3229 fides
397 3170 429 3229 in
447 3171 579 3247 agenda,
605 3171 718 3230 cadoni
739 3175 847 3231 vestra
864 3171 906 3229 sit
919 3171 948 3228 in
960 3160 1021 3243 juli·

82 3258 196 3318 canda.

112 3431 131 3467 l.
153 3428 211 3468 l'oir
225 3428 246 3468 ln
258 3431 335 3471 mima
351 3430 381 3470 ilo
392 3429 414 3471 la
430 3441 454 3482 1».
472 3429 518 3472 uili.
597 3433 675 3473 statue
690 3430 717 3473 de
729 3429 798 3472 ceris
813 3440 859 3484 (gne
876 3428 958 3473 Verris
973 3426 993 3468 til
1000 3433 1028 3464 1¹11·

110 3483 130 3522 ι),
145 3481 239 3523 l'nlina.
269 3483 300 3522 lm
323 3484 378 3525 ville
398 3483 426 3523 do
442 3485 537 3533 Critone,
599 3483 664 3524 levor
680 3484 784 3537 pornlont
801 3484 825 3525 la
837 3486 890 3526 nuit
906 3494 948 3538 par
962 3488 1029 3523 siut*

84 3543 115 3574 an
141 3533 195 3586 piot
217 3533 245 3577 de
261 3534 346 3586 l'litnu,
359 3536 480 3591 nossiirlait
492 3549 538 3579 nne
595 3537 674 3579 clares
685 3537 724 3578 {lle
741 3538 829 3591 sigilio,
844 3538 913 3590 xer).
