2244 3848
89 242 148 298 :lla
201 255 256 298 nus
277 254 419 298 nrscouus
440 252 639 320 consummes
659 252 721 297 nux
743 249 948 302 rfflnrmouns

126 391 254 444 Panium
268 406 350 444 romr
364 388 497 461 (vr-rm).
511 418 546 430 —
570 387 693 443 ciceron
713 387 793 442 aime
811 385 944 455 Archias,
961 399 1030 456 parce

89 487 144 540 que
161 469 231 524 c'est
242 486 283 525 un
299 469 394 541 polle.
412 470 433 524 ll
447 470 501 524 fait
513 468 616 541 l'eloge
632 467 684 523 des
694 467 798 523 lettres
814 466 887 538 qu’il
902 464 1030 522 cultiveet
1075 530 1077 537 Ι

88 550 130 605 dit
147 550 173 604 le
187 550 274 622 prosst
290 550 361 622 qu'il
376 566 393 605 a
406 551 497 605 retine
512 550 548 605 de
563 555 638 605 cette
654 549 770 605 culture
785 547 941 603 litteraire.

385 762 499 847 ssloge
522 778 589 835 des
613 776 760 834 lettres.

127 951 176 1009 Vl.
202 951 249 1008 1⁶2.
274 950 404 1020 Quaeres
417 965 435 1006 a
447 949 554 1023 nobis,
572 946 658 1008 Grati
670 948 692 1020 ¹,
705 951 864 1006 curtante
878 944 1030 1022 operehoo
1075 1004 1077 1009 ,

86 1039 219 1098 homine
249 1038 459 1099 delectemur.
486 1036 567 1108 Quia
593 1035 778 1114 suppeditat
801 1035 910 1108 nobis
938 1032 990 1093 ubi
1008 1035 1030 1091 el
1073 1072 1077 1085 .

86 1128 215 1187 animus
236 1145 274 1186 ex
293 1128 355 1186 hoe
375 1126 497 1186 forensi
518 1124 676 1204 strepitu²
696 1125 872 1198 reficiatur,
899 1126 932 1184 et
952 1138 1031 1183 aures

85 1216 233 1277 convicio
249 1218 259 1250 ³
275 1215 411 1276 defessa
427 1213 690 1294 conquiescenti.
705 1213 1032 1297 Antuexistimas'aut

87 1311 259 1384 suppetere
272 1306 367 1367 nobis
379 1324 486 1384 posse,
501 1305 587 1384 quod
602 1304 719 1366 cotidie
734 1304 896 1378 dicamne,
914 1304 1031 1363 intanta

84 1395 238 1456 varietate
260 1413 380 1466 rerum,
403 1396 466 1454 nisi
485 1395 612 1456 animos
632 1397 762 1454 nostros
782 1392 931 1453 doctrina
950 1409 1031 1453 exco-
1069 1412 1072 1417 ·

84 1486 203 1556 lamus,
223 1489 278 1545 aut
293 1484 375 1545 serre
391 1485 520 1544 animos
535 1488 657 1544 tantam
672 1500 769 1561 posse
787 1483 1028 1552 contentionem,

83 1575 145 1633 nisi
163 1592 219 1634 eos
237 1575 382 1635 doctrina
400 1574 515 1634 eadem
535 1573 741 1634 relaxemus?
764 1574 829 1648 Ego
851 1589 928 1632 vero
945 1571 1033 1630 fateor

84 1681 136 1723 me
162 1665 213 1723 liis
235 1663 352 1724 studiis
375 1681 447 1724 esse
470 1663 626 1723 deditum.
650 1663 779 1723 Ceteros
792 1661 926 1738 pudeat,
947 1660 974 1720 si
989 1658 1032 1736 qui

85 1753 128 1810 ita
142 1770 175 1811 se
193 1752 308 1812 litteris
326 1752 529 1826 abdiderunt,
544 1758 580 1812 ut
596 1753 677 1812 nihil
692 1752 820 1830 possint
835 1768 876 1832 ex
889 1752 928 1810 iis
941 1766 1033 1828 neque

84 1841 122 1900 ad
145 1843 483 1907 couuuunem.alierre
501 1843 655 1914 fructum,
675 1858 781 1919 neque
803 1841 836 1900 in
855 1841 1032 1919 adspectum

83 1931 254 2008 lucemque
292 1931 453 2007 prolerre,
490 1950 543 1993 me
578 1937 686 1993 autem
715 1931 792 2009 quid
831 1931 962 2009 pudeat,
987 1929 1033 2009 qui

83 2025 131 2081 tot
154 2037 256 2081 annos
281 2021 325 2080 ita
337 2021 422 2094 vivo,
438 2021 575 2098 judiam,
600 2026 669 2081 uta
689 2021 810 2080 nullius
823 2038 968 2099 unquam
991 2035 1033 2079 me

84 2115 228 2189 tempore
241 2108 264 2184 ⁵,
282 2116 337 2170 aut
350 2111 522 2171 commodo
535 2111 702 2171 autolium
713 2127 826 2171 meum
841 2110 1032 2179 abstraxerit,

82 2206 137 2261 aut
149 2201 298 2278 voluptas
315 2201 468 2272 avocarit,
482 2205 537 2260 ant
552 2200 690 2277 denique
703 2217 839 2260 somnus
854 2199 1034 2260 retardarit?

83 2293 130 2350 13.
149 2293 252 2364 Quare
267 2290 339 2367 quis
354 2289 485 2350 taudem
502 2307 553 2350 me
564 2289 790 2369 reprehendat,
807 2294 862 2350 aut
878 2291 952 2367 quis
962 2284 1032 2348 mihi

79 2380 151 2455 jure
183 2383 385 2453 succenseat,
416 2379 455 2449 si,
485 2385 642 2456 quantum
672 2381 787 2440 ceteris
818 2379 858 2439 ad
887 2397 962 2440 suas
988 2394 1031 2437 res

82 2469 260 2543 obeundas,
290 2473 445 2545 quantum
474 2468 512 2529 ed
541 2468 642 2529 festos
673 2471 743 2530 dies
777 2469 934 2529 ludorum
961 2469 1033 2530 cele-

82 2558 233 2630 brandos
257 2561 415 2635 quantum
437 2559 476 2618 ad
500 2559 577 2618 alias
603 2559 794 2636 voluptates,
819 2561 853 2619 et
875 2558 915 2618 ad
936 2558 1032 2636 ipsam

81 2648 227 2724 requiem
250 2648 350 2707 animi
379 2650 410 2706 el
433 2649 578 2725 eorporis
607 2647 807 2708 conceditur
822 2648 1031 2725 temporuml.

81 2743 236 2815 qnantum
250 2737 302 2796 elii
314 2736 459 2795 tribuunt
472 2738 675 2814 tempestivis
688 2738 844 2799 conviviis
853 2739 875 2810 ⁷,
887 2743 1032 2816 quantum

106 2898 126 2942 l.
149 2898 222 2939 Gratti.
245 2899 350 2945 Gratius,
373 2897 531 2939 l'accusatour
615 2897 760 2951 5.Tcmpore.
776 2899 833 2940 l'oir
848 2899 873 2941 la
888 2902 943 2943 note
958 2898 1032 2942 ldeln

80 2954 167 2994 obscur
180 2953 312 2995 d'Arcluas.
326 2952 382 2992 l'oir
395 2962 417 3003 p.
429 2950 461 2992 lo.
585 2962 607 3004 p.
621 2950 668 2994 las.
680 2952 745 2995 Pour
754 2952 954 3006 losoccupatious
965 2953 992 2995 de
1003 2951 1032 2993 Ci-

105 3004 127 3048 2.
146 3008 256 3059 strepitu,
268 3006 325 3047 loir
338 3004 361 3046 la
373 3003 450 3046 uotel
464 3003 492 3045 de
508 3002 531 3045 la
586 3005 664 3048 rdrou,
678 3006 698 3047 lo
714 3016 814 3060 passage
825 3005 857 3049 du
872 3005 916 3049 Pro
927 3006 1032 3055 Suillium

79 3071 100 3113 p.
113 3059 159 3103 293.
179 3062 215 3103 uf.
229 3061 317 3106 luatur,
332 3071 387 3106 rou,
402 3056 441 3100 317
453 3071 457 3096 :
475 3057 530 3095 l'oio-
584 3057 617 3100 26.
631 3070 653 3111 p.
664 3058 710 3102 338.

78 3126 154 3154 causus
167 3114 275 3153 dominun
284 3113 378 3165 Forique
388 3110 502 3164 stirpitus,
609 3112 629 3153 6.
649 3112 782 3164 Temperiem.
794 3113 840 3156 Les
853 3117 981 3158 momenls.
999 3112 1031 3154 Cl-

105 3167 124 3209 3.
136 3168 240 3208 cinericia
251 3168 313 3214 (ror,
324 3168 423 3216 coemo).
432 3163 528 3216 Ulpium
585 3166 686 3215 Horace,
695 3166 796 3219 epioni,
804 3168 835 3209 ll.
846 3180 863 3218 1,
874 3167 913 3210 ul
923 3183 928 3210 :
940 3167 966 3208 Si
976 3168 1034 3217 lonpo

78 3221 131 3271 Lm.
144 3232 183 3263 xv.
197 3220 228 3261 De
241 3220 350 3274 lnjoolia:
363 3219 415 3258 (Tum
427 3218 448 3257 in
467 3230 530 3256 illrum
587 3231 685 3259 erculano
700 3233 772 3261 lucrm·
785 3225 823 3261 luc
839 3226 949 3274 ternpore,
959 3221 1033 3263 Caesur.

77 3274 152 3326 plnres
162 3275 384 3327 roeratormentetur,
395 3270 531 3314 convicium
588 3274 728 3320 Quintilian.
751 3273 808 3316 Inst.
831 3275 879 3325 Or„
898 3277 918 3323 1,
938 3287 981 3317 ΧΠ.
999 3274 1033 3316 18:

78 3341 106 3378 op
116 3326 212 3375 inlicitur,
226 3328 290 3380 quoi
302 3326 451 3368 consocium.
587 3327 703 3379 'l‘rmporn
724 3339 770 3380 qua
791 3329 935 3377 sectandis.
957 3339 1034 3380 compo.

105 3342 124 3422 l,
140 3380 151 3416 (
154 3380 371 3432 'aapilesc11nt.voir
381 3378 402 3421 le
414 3387 532 3420 commen·
589 3381 685 3423 resnou,
698 3382 775 3421 otiosis
789 3339 884 3436 asteriique
897 3381 1034 3424 remonitus.

79 3435 138 3475 taire
166 3434 301 3486 approbatis
325 3442 370 3525 (pre
397 3431 528 3480 Quiuliliou
584 3432 1033 3478 pedicamrodenoatcoerririorronmom

78 3487 124 3529 lull
136 3486 164 3527 dd
176 3496 203 3527 ce
215 3496 316 3539 passage
343 3485 467 3527 ansl'lurt.
482 3486 529 3529 Or..
585 3491 737 3528 contemuitur.

80 3541 109 3583 X.
121 3552 138 3589 1,
150 3536 186 3582 27.
613 3539 633 3582 l.
654 3541 790 3595 Trnzpeslira
808 3543 918 3587 conrim'o.
933 3544 977 3587 Les
990 3541 1035 3584 los·
