2244 3848
216 158 242 219 ι’
267 182 282 213 «
305 175 413 220 omno
435 176 464 219 m
487 177 512 219 r.
539 176 728 222 cltruuarcu
750 177 878 222 rrsousu
901 187 915 216 »
986 165 1044 224 113

84 330 161 375 cum
176 316 310 372 senatus
330 312 453 372 luctum
476 329 511 370 ac
532 312 679 371 dolorem
695 329 793 371 suurn
816 315 914 373 vestis
943 326 1048 374 uinta-

83 404 192 462 tione¹
215 400 443 460 declarandum
467 401 660 475 censuisset,
684 418 758 460 cum
785 401 911 463 videres
932 421 1045 464 uuerc-

81 509 152 553 rem
169 491 380 569 reipublicae,
400 490 594 567 amplissimi
609 491 732 549 ordinis
752 492 887 558 luctum,
903 510 920 552 o
935 498 1045 553 noster

81 579 288 640 misericors!
311 577 389 654 quid
411 577 513 637 lacis?
529 576 615 654 quod
631 576 719 635 nulla
742 578 773 636 in
798 579 945 638 barbaria
958 581 1045 656 quis-

80 686 181 746 quarn
196 671 364 746 tyrannus.
375 667 495 727 Omitto
510 667 597 726 enim
612 665 704 739 illud,
720 666 889 727 consulem
903 670 1041 738 edicere,

79 762 117 818 ut
142 763 277 818 senatus
297 756 446 816 consulto
461 774 501 816 ne
528 756 803 832 obtemperatura
836 775 898 832 quo
929 757 1044 818 loedius

76 864 140 908 nec
155 847 237 918 lieri,
267 864 326 906 nec
347 846 481 923 cogitari
505 845 681 923 quidquam
705 849 823 923 potest.
850 846 896 905 Ad
913 848 1042 908 miseri-

78 936 228 998 cordiam
250 936 346 996 redeo
372 935 455 1012 ejus
492 936 543 995 cui
574 935 672 993 nimis
697 934 824 995 videtur
847 938 979 996 senatus
1008 939 1041 996 in

79 1024 304 1088 conservanda
330 1025 434 1103 patria
452 1023 553 1084 fuisso
581 1022 732 1083 crudelis.
759 1025 806 1084 l8.
836 1024 966 1085 Edicerc
995 1032 1042 1086 est

81 1132 185 1176 ausus
199 1131 274 1174 cum
289 1114 345 1174 illo
362 1131 421 1174 suo
439 1111 536 1192 paril,
554 1130 651 1191 quem
662 1117 772 1172 tamen
787 1115 940 1175 omnibus
957 1116 1043 1175 vitiis

81 1221 237 1284 superare
268 1204 430 1281 cupiebat,
462 1208 498 1262 ut
527 1206 669 1271 senatus,
702 1208 813 1262 contra
839 1222 936 1281 (inam
973 1205 1041 1281 ipse

81 1295 275 1364 censuisset,
292 1295 330 1353 ad
347 1294 500 1353 vestitum
516 1292 646 1352 rediret.
659 1292 737 1363 Quis
754 1292 815 1352 lroc
829 1293 905 1352 lecit
926 1294 990 1352 ulla
1007 1295 1040 1352 iu

83 1381 232 1462 Scythia⁸
249 1388 415 1461 tyrannus,
433 1387 469 1442 ut
484 1399 551 1453 eos
569 1399 648 1458 quos
664 1383 752 1441 luctu
768 1383 918 1453 afficeret,
930 1382 1041 1458 lugere

82 1492 151 1534 non
175 1473 315 1534 sineret?
340 1473 507 1531 Maerorem
546 1471 726 1548 relinquis3
754 1471 901 1530 maeroris
931 1471 1040 1532 aufers

83 1564 240 1640 insignia3
263 1562 362 1639 eripis
386 1562 536 1621 lacrimas
564 1578 629 1619 non
658 1560 868 1631 consolando
898 1560 953 1620 scd
983 1562 1043 1620 mi-

83 1652 200 1714 nando
219 1652 350 1723 Quodsi
374 1656 497 1710 vestem
525 1667 590 1709 non
615 1651 745 1727 publico
771 1651 909 1710 consilio
934 1655 1043 1728 patros

84 1742 268 1820 conscripti,
285 1740 341 1801 sed
352 1741 476 1818 privato
490 1739 611 1811 officio,
629 1745 685 1800 aut
699 1740 923 1800 misericordia
939 1744 1044 1800 muta·

83 1834 218 1901 vissent
242 1838 362 1900 tamen,
387 1829 417 1888 id
438 1829 489 1888 his
511 1846 576 1888 non
601 1829 697 1890 licere
713 1848 770 1907 per
793 1830 962 1890 interdicta
986 1848 1044 1906 po-

84 1923 208 1983 testatis
225 1925 281 1981 tua
296 1919 493 1980 crudelitatis
512 1924 580 1979 crat
601 1938 666 1979 non
691 1912 850 1993 ferendam
873 1938 947 1979 cum
967 1938 1043 1980 vero

85 2013 113 2073 id
145 2016 279 2073 senatus
308 2011 460 2087 frequens
489 2011 671 2070 consuisset
695 2016 726 2070 et
752 2028 867 2070 omnes
894 2008 1044 2070 ordinesl

84 2103 198 2180 reliqui
222 2102 291 2178 jam
307 2104 380 2161 ante
400 2100 564 2166 fecissent,
583 2105 616 2159 tu
639 2118 678 2159 ex
696 2100 900 2159 tenebricosa
921 2100 1042 2176 popina

84 2192 198 2253 consul
211 2195 383 2257 extractus,
410 2208 484 2250 curn
501 2189 553 2249 illa
578 2189 739 2248 saltatrice
761 2193 865 2255 tonsa,
891 2193 1040 2247 senatum

83 2281 195 2360 populi
208 2281 343 2345 Romani
362 2296 514 2339 occasum
535 2284 630 2356 atque
651 2278 818 2338 interitum
840 2277 1044 2354 reipublicae
1097 2296 1100 2301 ’

83 2371 194 2449 lugere
210 2370 352 2430 vetuisti.

98 2573 150 2628 Le
170 2568 301 2626 retour
320 2569 364 2624 de
386 2565 536 2624 Ciceron
556 2562 706 2622 decret&
725 2577 797 2634 par
816 2564 850 2620 le
872 2562 986 2620 senat
1001 2564 1025 2618 ⁶.

121 2723 187 2781 XV.
212 2722 261 2780 31.
291 2722 337 2780 Mc
356 2720 509 2780 Kalendis
533 2719 707 2790 ianuariis,
726 2718 779 2795 qni
797 2717 866 2777 dies
881 2721 954 2793 post
974 2717 1045 2775 ohi-

108 2868 130 2906 1.
148 2865 222 2905 Vectis
238 2864 369 2904 titillatione.
390 2864 435 2905 Les
450 2863 536 2915 magis·
591 2860 619 2903 de
631 2861 653 2903 la
664 2872 687 2914 p.
698 2859 744 2911 81),
756 2860 881 2907 Gabinius,
890 2869 936 2912 que
946 2857 1045 2901 ciceron

81 2921 141 2961 trats
159 2917 299 2971 deposaient
317 2917 339 2958 la
351 2916 456 2970 unilexto
468 2918 491 2958 ct
501 2916 535 2958 les
592 2926 621 2956 ra
638 2914 748 2968 quallllor
773 2913 801 2956 dc
831 2912 940 2953 saltatrix
969 2916 1042 2957 amaa,

81 2971 208 3015 senatcurs
228 2971 249 3015 le
265 2970 388 3016 laticlave;
401 2971 434 3012 lcs
451 2971 536 3011 chero·
591 2980 602 3007 a
613 2968 733 3010 danscuse
746 2968 801 3010 hicn
813 2966 907 3013 iason»,
918 2975 1044 3018 parceque

81 3027 140 3069 licrs
151 3035 175 3067 se
186 3021 355 3079 depouillaient
366 3024 394 3065 dc
411 3024 475 3066 leurs
489 3022 536 3064 col·
592 3022 613 3063 lc
628 3023 710 3064 consul
721 3022 786 3064 avait
798 3019 872 3062 danse'
881 3019 941 3061 dans
953 3030 986 3060 un
996 3019 1043 3061 les·

82 3079 140 3129 liers
153 3079 214 3121 etde
225 3080 288 3121 leurs
299 3089 422 3120 anneaux:
435 3076 536 3129 laulalie
593 3077 627 3117 tin
648 3086 676 3117 cu
700 3076 767 3128 signe
787 3075 815 3117 de
829 3075 877 3127 joie
895 3072 906 3114 a
923 3082 995 3115 cause
1014 3071 1042 3114 de

82 3132 176 3187 preuail
197 3133 221 3174 la
237 3137 290 3183 loqu
311 3132 382 3183 pulta,
397 3131 419 3172 la
440 3134 490 3183 loge
508 3130 536 3172 dc
592 3128 655 3171 l'cxil
666 3129 694 3171 dc
708 3140 750 3170 sou
761 3128 867 3170 cimemi.

82 3186 183 3229 couleur
197 3186 301 3228 sombre.
320 3185 377 3226 l'oir
388 3184 474 3226 luuotc
484 3182 497 3226 3
507 3183 535 3225 dc
617 3181 636 3224 l.
652 3181 678 3221 Iu
697 3182 797 3233 Scutlrin.
812 3183 844 3223 lia
860 3179 953 3232 Scythia
969 3179 1045 3221 cousi-

83 3239 107 3282 la
136 3237 201 3282 est.
591 3234 660 3277 ddrde
680 3246 772 3277 cornute
805 3236 825 3278 le
849 3238 900 3289 type
925 3231 965 3274 des
985 3243 1043 3286 pays

108 3251 131 3336 ἕ
147 3293 319 3346 (intemperatia.
332 3289 496 3333 l'oirlauote2
507 3289 535 3332 dc
591 3289 715 3331 barbares.

85 3358 106 3401 p,
123 3345 158 3390 86,
616 3341 636 3385 5,
655 3341 756 3383 (ludiul’s.
772 3342 828 3383 l'oil'
845 3340 867 3383 la
882 3341 963 3387 llut02
981 3343 1008 3386 [le
1020 3343 1043 3385 la

110 3399 132 3441 3.
151 3400 204 3441 Cum
216 3400 304 3440 illucue
319 3399 378 3451 pari.
398 3397 461 3439 Calui
478 3407 535 3439 avec
591 3407 613 3449 p.
626 3394 676 3438 362.

85 3453 126 3507 qui
139 3453 155 3495 il
166 3454 210 3497 tait
220 3453 243 3495 la
256 3453 319 3508 pairc
344 3452 404 3505 (vair
420 3451 442 3492 la
459 3450 536 3493 notc3
617 3448 637 3492 6.
655 3449 710 3491 l'oir
722 3459 745 3503 p.
761 3447 793 3492 l9.
