2244 3848
392 174 427 215 in
448 180 467 210 ¹a
492 175 549 216 ran
572 175 597 217 r.
623 174 723 218 sesne
748 180 762 209 »
998 156 1053 213 387

87 309 220 384 consul,
239 309 368 386 qualem
383 326 551 384 nunquam
575 308 710 369 Catilina
731 308 835 369 vietor
861 307 1055 367 habuisset:
1113 288 1117 295 ”

86 405 203 463 Errare
217 401 382 473 homines
400 399 428 459 si
444 400 542 459 etiam
558 404 627 461 tum
648 405 797 461 senatum
820 398 941 476 ailquid
964 398 998 457 In
1021 415 1055 457 re

86 491 222 568 publiea
243 505 339 566 pesse
361 489 611 562 arbitrarentur3
636 489 763 567 equites
786 505 863 549 rere
892 489 1055 549 Romanos

85 581 223 640 daturos
237 579 327 638 illius
343 577 406 637 diei
422 595 545 655 peenas,
561 595 635 657 qun,
652 596 703 638 me
718 577 865 651 consule,
889 594 964 636 eum
986 578 1055 654 gla-
1114 612 1118 621 ι

83 670 148 731 diis
163 670 198 729 in
213 669 297 728 ehvo
312 667 491 745 Capitolmo
505 669 511 703 ¹
528 667 685 741 luissent,
702 668 830 728 venisse
850 670 980 744 tempus
1003 668 1053 740 ils,

84 760 140 838 qui
157 758 324 817 iutimare
340 757 478 817 luissent
500 756 701 837 (conjuratos
723 756 875 817 videlieet
898 755 1052 832 dicebat),

85 847 269 909 ulciscendi
285 863 332 906 se.
347 845 380 905 Si
396 846 534 906 dixisset
553 848 623 907 hmo
644 849 762 919 selum,
779 844 869 905 omni
880 844 1054 924 ,supplicio

87 940 176 998 esset
189 935 322 1012 dignum
334 950 410 995 nam
427 936 530 997 eratin
545 936 615 1013 ipsa
630 936 776 996 consulis
789 931 973 1012 perniei0sa
986 938 1055 1010 pet-

87 1031 138 1088 est
166 1043 237 1087 rem
263 1024 427 1103 publicam
453 1026 658 1087 labefactare.
684 1025 765 1097 Quid
789 1024 913 1094 fecerit,
935 1023 1052 1083 videte.

86 1118 136 1177 ἓξ).
163 1116 198 1175 L.
224 1114 403 1186 Lamiam'2,
436 1115 502 1190 qui,
534 1132 609 1174 eum
636 1131 687 1173 me
708 1114 817 1191 ipsum
842 1130 900 1191 pro
924 1129 1055 1172 summa

88 1204 320 1278 familiaritate,
342 1221 414 1280 quau
436 1204 516 1263 mihi
539 1221 613 1263 enm
639 1207 728 1281 patre
750 1202 821 1278 ejus
848 1206 924 1267 erat,
958 1202 1053 1260 unies

89 1294 255 1370 diligebat,
279 1296 348 1353 tum
372 1309 428 1368 pru
446 1309 480 1351 re
501 1292 632 1368 pnhhea
658 1291 708 1351 vel
733 1294 872 1350 mortem
901 1293 1052 1366 oppetere

89 1383 252 1461 cupiebat,
270 1382 303 1440 in
319 1382 469 1441 contione
486 1382 652 1458 relegam,
670 1380 845 1458 edixitque,
862 1383 898 1439 ut
917 1381 954 1439 ab
973 1380 1052 1439 urbe

88 1475 219 1535 abesset
229 1472 331 1533 millia
342 1488 498 1551 passuum
513 1472 662 1544 ducenta,
679 1471 765 1551 quod
780 1475 867 1530 esset
883 1487 982 1529 ausus
994 1487 1052 1547 pro

88 1565 159 1637 clvi,
178 1581 238 1642 pro
255 1564 336 1625 hene
353 1563 469 1623 merito
486 1562 559 1633 eivI,
577 1579 635 1640 pre
654 1561 771 1634 amica,
789 1578 846 1638 pro
872 1578 906 1620 re
923 1561 1053 1637 publiea

86 1653 265 1732 deprecari,

120 1781 206 1840 XIII.
225 1778 307 1850 Quid
323 1778 385 1838 hoe
409 1779 543 1837 homme
568 1777 667 1838 iacias
691 1781 747 1838 aut
768 1795 832 1855 quo
856 1776 960 1837 eivem
990 1778 1051 1837 im-

84 1874 276 1947 portunum,
294 1873 347 1927 aui
365 1885 428 1944 quo
444 1867 552 1944 potius
566 1868 695 1927 hostem
711 1872 777 1927 tam
792 1868 985 1928 sceleratum
1000 1885 1051 1927 ra-

82 1956 301 2032 serveslqui,
319 1959 353 2014 ut
369 1956 518 2015 omittam
535 1960 651 2019 uetera,
670 1974 741 2032 qum
758 1960 834 2015 sunt
850 1956 877 2016 ei
895 1973 970 2015 eum
986 1957 1052 2016 eol-

80 2045 156 2125 lega
171 2045 309 2103 immani
327 2045 521 2120 Impuroque
538 2045 712 2122 eonjunuta
732 2050 828 2120 atque
850 2046 1048 2115 eommunia,

79 2134 146 2196 hoe
171 2151 276 2193 unum
312 2133 410 2192 hahet
440 2134 620 2210 preprium,
646 2138 681 2192 ut
707 2151 747 2192 ex
770 2134 850 2192 urhe
876 2133 1046 2210 expulerit.

76 2223 249 2300 relegarIt,
266 2239 332 2281 non
346 2222 417 2281 dico
432 2223 576 2298 equitem
594 2223 788 2291 Romanum,
802 2238 868 2282 non
882 2221 1048 2281 ornatissi-

74 2329 176 2375 mum
200 2316 296 2388 atque
317 2311 478 2388 optimum
501 2312 618 2381 ulrum,
647 2328 710 2369 non
740 2309 977 2371 amicissimum
1003 2311 1048 2370 rei

72 2402 224 2482 publicae
237 2401 352 2471 niuem,
365 2418 432 2460 non
446 2401 501 2460 illo
516 2401 586 2477 Ipso
599 2404 745 2478 tempore
758 2418 823 2459 una
843 2418 918 2459 eum
934 2404 1049 2460 senatu

72 2496 109 2553 et
125 2508 206 2551 eum
225 2490 319 2549 hunIs
335 2491 500 2557 omnibus,
521 2507 633 2549 casum
657 2490 753 2549 amIei
775 2490 888 2565 rquue
911 2490 1047 2566 publiea

71 2578 259 2656 lugentem,
275 2578 332 2637 sed
347 2579 452 2638 ciuem
469 2580 651 2637 herbanum
668 2579 737 2636 sine
761 2577 826 2637 ullo
840 2578 975 2654 judicio,
994 2581 1049 2637 aut

72 2670 188 2730 edicto
201 2670 223 2740 ³,
239 2685 278 2727 ex
293 2669 396 2746 patria
417 2669 531 2728 consul
551 2668 691 2744 ejecerit.
715 2670 763 2728 30.
788 2668 874 2727 Nihil
901 2668 1048 2729 acerbius

71 2758 158 2819 senii
179 2761 211 2817 at
227 2758 329 2816 Latini
345 2758 428 2817 ferre
444 2758 529 2817 soliti
545 2761 630 2829 sunt,
650 2775 747 2833 quam
760 2775 806 2832 se,
826 2758 857 2817 id
874 2758 959 2835 quod
973 2774 1047 2834 per-

72 2847 176 2907 raro*
192 2846 319 2919 aedidit,
338 2865 376 2906 ex
389 2848 467 2907 urbe
485 2848 571 2906 exire
583 2865 601 2906 a
612 2849 801 2908 consulibus
810 2847 929 2926 juberi.
943 2848 1045 2924 Atque

101 3034 124 3079 1.
134 3033 164 3075 Ιιι
176 3033 232 3074 clleo
254 3034 391 3087 Capitolino.
413 3034 448 3077 La
470 3036 537 3077 route
592 3034 665 3088 pense'
678 3046 721 3088 par
736 3035 800 3078 l'exil
813 3033 873 3077 dans
886 3034 982 3076 l'Orntio
994 3039 1047 3086 port

75 3099 105 3131 en
128 3090 198 3183 qente
222 3087 264 3141 qui
275 3086 357 3148 ,mirre
366 3099 397 3129 au
418 3088 532 3141 Canilnla,
592 3087 696 3129 ,dedirunt
709 3088 837 3137 instruatu,
853 3099 875 3136 v,
888 3086 922 3130 12.

76 3142 108 3185 mi
139 3152 165 3184 es
180 3140 313 3183 chevaliers
328 3141 437 3184 s’etaient
456 3141 537 3183 rdunis
619 3141 638 3183 3.
653 3141 700 3183 Ant
718 3141 798 3183 sillero.
811 3141 876 3184 Tella
887 3144 924 3183 est
938 3141 961 3182 la
977 3141 1045 3193 leqou

77 3194 158 3238 armas
199 3205 260 3248 pour
293 3192 401 3247 pruldger
438 3193 537 3237 (Iirtrnn
592 3195 781 3238 ordinairement
803 3205 884 3246 reque.
915 3194 960 3237 Les
986 3206 1044 3240 mss.

79 3251 162 3292 contre
178 3247 213 3291 les
228 3248 357 3300 compilans
377 3249 405 3291 de
425 3248 535 3290 Catilina.
592 3251 633 3291 ont
645 3253 668 3289 nt
683 3248 762 3292 elicto.
776 3250 811 3290 On
827 3261 840 3290 a
853 3245 1006 3302 conjecture:
1019 3250 1046 3291 Si

104 3301 125 3345 Ξ.
138 3301 448 3344 bruniam.Lecheralierh.
457 3301 536 3344 Albus
592 3301 755 3355 ›iitllnjndicim
768 3307 792 3343 ut
802 3301 883 3344 edicio.

80 3356 174 3403 Lamia,
190 3357 292 3397 souvent
311 3354 431 3397 nitidans
447 3355 536 3397 laslei-
618 3356 638 3396 t.
661 3356 769 3397 terrare.
803 3356 955 3409 L'expulsion
987 3357 1044 3400 d'un

81 3409 174 3453 tresde
195 3406 307 3470 Cicerom
327 3409 346 3450 ll
362 3411 397 3451 est
420 3407 484 3462 parle
508 3408 536 3450 de
591 3410 684 3463 eltnyen
700 3421 757 3453 suus
767 3411 899 3465 jugement,
912 3420 954 3464 par
974 3412 1043 3457 ordre

80 3473 123 3506 sou
133 3460 438 3516 eourageuxdevnuemeut
448 3461 536 3505 re'cem-
591 3462 633 3506 des
648 3464 755 3512 consuls,
766 3466 801 3508 est
819 3475 852 3507 un
865 3464 910 3506 fait
922 3463 969 3508 tres
982 3476 1043 3519 rare,
