2250 3818
168 267 182 297 «
198 261 228 304 m
245 263 277 304 u.
295 261 447 305 auromuu
464 261 573 305 enarro
592 265 757 307 ruunerrea
773 265 883 315 euram
901 273 914 298 »
967 247 1022 303 idi

66 395 256 455 simillimus
286 395 385 455 filius,
423 396 472 455 lt).
510 397 572 457 Sed
606 399 715 458 omnia
755 397 837 456 mihi
875 394 1027 455 videntur

65 485 203 545 deorum
236 485 471 545 immortalium
492 486 615 563 judicio
644 489 767 565 expiata
785 489 805 561 ¹,
832 487 903 546 Sex.
931 486 1025 544 Pom-

64 575 139 652 peio
162 574 207 634 rei
233 574 369 651 publicae
396 582 599 637 conservato.

105 692 170 751 XV.
194 691 295 761 Quam
322 692 362 751 ob
386 709 516 752 causam
538 695 661 769 justam
688 697 783 770 atqua
809 709 973 766 magnam,
997 695 1026 751 et

66 780 153 856 quod
169 780 486 858 periculosissimum
503 783 598 842 civile
616 783 749 856 bellum,
766 782 1024 857 maximumque,

64 869 267 929 humanitate
292 873 323 929 et
349 870 508 947 sapientia
535 889 594 931 sua
620 874 658 931 M.
683 872 823 949 Lepidus
848 870 887 929 ad
913 887 1025 946 pacem

65 958 340 1036 concordiamque
379 961 549 1029 convertit,
586 966 718 1021 senatus
751 959 937 1020 consultum
975 959 1025 1017 liis

65 1047 174 1108 verbis
198 1066 315 1109 censeo
343 1050 635 1125 perscribendum:
660 1074 674 1104 «
699 1052 777 1111 Cum
795 1068 812 1108 a
833 1051 872 1109 M.
893 1047 1024 1126 Lepido,

64 1138 271 1216 imperatore,
307 1139 459 1215 pontifice
496 1141 651 1211 inaximo,
688 1157 772 1217 sape
809 1155 1025 1198 numerares

64 1226 196 1304 publica
227 1231 258 1286 et
284 1227 364 1287 bene
396 1233 427 1287 et
457 1229 593 1289 feliciter
617 1235 707 1302 gesta
736 1230 788 1300 sit,
820 1228 1025 1306 populusque

65 1316 232 1376 Romanus
246 1316 448 1389 intellexerit,
460 1319 487 1376 ei
500 1317 705 1377 dominatum
722 1317 846 1394 regium
859 1317 870 1350 ²
886 1316 1025 1374 maxime

65 1403 251 1482 displicere,
269 1423 408 1482 cumque
424 1407 495 1483 ejus
516 1424 625 1485 opera,
643 1408 771 1479 virtute,
790 1405 938 1477 consilio,
957 1405 1025 1462 sin-

65 1494 235 1574 gularique
250 1495 422 1573 elementia
435 1500 466 1555 et
481 1497 733 1557 mansuetudine
750 1496 871 1554 bellum
888 1494 1026 1552 acerbis-

65 1584 190 1644 simum
205 1584 298 1643 civile
310 1585 352 1643 sit
363 1585 564 1645 restinctum.
577 1588 626 1645 dl.
645 1586 825 1662 Sextusque
838 1583 1023 1659 Pompeius,

64 1671 151 1733 Gnaei
181 1672 279 1745 fitius,
310 1674 454 1750 Magnus,
487 1673 586 1750 hujus
616 1674 738 1733 ordinis
769 1672 960 1732 auctoritate
986 1672 1025 1731 ab

63 1760 167 1821 armis
183 1760 380 1834 discesserit,
399 1766 429 1821 et
444 1780 462 1820 a
479 1763 518 1820 M.
539 1763 671 1840 Lepido,
692 1762 899 1838 imperatore,
919 1760 1024 1836 ponti-

64 1848 126 1910 fice
157 1851 299 1911 maximo
314 1851 334 1921 ³,
369 1868 499 1910 summa
524 1856 656 1911 senatus
684 1850 860 1928 populique
890 1848 1025 1908 Romani

64 1938 244 2013 voluntate,
262 1939 381 1999 civitati
394 1941 563 2001 restitutus
575 1943 628 2009 sit,
645 1947 792 2000 senatum
803 1939 1024 2016 populumque

64 2029 251 2088 Romanum
268 2047 325 2105 pro
341 2029 492 2090 maximis
505 2030 719 2107 plurimisque
735 2031 765 2088 in
783 2030 1025 2106 rempublicam

63 2119 105 2179 Μ.
132 2118 244 2195 Lepidi
274 2120 409 2189 meritis,
440 2137 592 2198 magnam
619 2138 709 2197 spem
736 2120 766 2177 in
797 2119 867 2193 ejus
896 2118 1024 2190 virtute,

63 2207 269 2282 auctoritate,
279 2208 430 2268 felicitate
442 2206 464 2280 ⁴,
477 2226 633 2286 reponere
646 2209 714 2277 otii,
722 2208 822 2285 paciS,
833 2207 1025 2277 concordia,

62 2297 235 2371 libertatis,
254 2298 390 2375 ejusque
405 2299 437 2357 in
455 2299 703 2376 rempublicam
720 2298 910 2356 meritorum
932 2312 1025 2354 sena-

61 2391 135 2447 tum
158 2387 381 2464 populumque
407 2389 591 2447 Romanum
618 2405 796 2447 memorem
820 2386 899 2459 iore,
930 2386 1024 2462 eique

63 2472 227 2536 statuam⁵
242 2482 425 2552 equestrem
437 2477 617 2536 inauratam
628 2479 660 2536 in
673 2476 808 2549 Rostris
820 2482 871 2535 aut
890 2493 953 2551 quo
962 2474 1025 2533 alie

62 2565 138 2627 loco
155 2565 188 2623 in
202 2566 282 2625 Foro
299 2566 405 2636 vellet,
424 2585 463 2626 ex
479 2566 578 2644 hujus
597 2567 720 2626 ordinis
744 2565 905 2626 sententia
928 2564 1025 2623 statui

63 2654 205 2734 placere.
225 2678 239 2709 »
252 2655 311 2726 Qui
323 2655 438 2728 lionoS,
449 2661 558 2734 patres
570 2655 756 2734 conscripti,
769 2655 851 2714 mihi
861 2655 1023 2714 maximus

63 2741 196 2804 videtur
220 2744 374 2820 primum,
401 2745 477 2822 quia
497 2744 608 2821 justus
624 2750 688 2817 est3
716 2745 890 2804 nonenim
918 2742 1025 2802 solum

63 2832 162 2893 datur
185 2838 315 2910 propter
338 2825 428 2912 'spem
451 2840 633 2913 temporum
657 2835 870 2912 reliquorum,
892 2834 947 2893 sed
967 2850 1026 2909 pro

65 2923 280 3000 amplissimis
296 2925 421 2985 meritis
438 2925 600 2998 redditur,
619 2943 678 2986 nec
690 2943 767 2986 vero
782 2925 934 3001 cuiquam
952 2940 1026 2998 pos-

92 3106 317 3161 1.!2'rpintn.llidee
326 3111 522 3165 religieused'ex-
576 3112 693 3155 l‘ontiles.
709 3109 823 3152 sollicites
836 3120 878 3162 par
890 3108 998 3150 Antoine.

66 3163 160 3217 [italien
175 3162 305 3218 s'cxplique
319 3175 362 3219 par
382 3164 520 3219 lejiulieimn
603 3164 623 3206 t.
644 3164 772 3204 I‘idieilnle.
793 3163 847 3203 l'oir
864 3163 886 3203 la
899 3161 979 3204 nelei,
999 3160 1027 3203 dc

65 3214 158 3259 decerem
169 3216 334 3258 ininierlulimn.
576 3219 598 3260 la
613 3229 635 3271 p.
654 3216 702 3260 482.

92 3267 114 3313 Ξ,
136 3268 279 3311 Deuiinnium
295 3272 391 3323 replumi.
418 3273 475 3313 l'oir
497 3272 520 3313 la
604 3269 859 3313 5.sinnnni.t:iee1·011
879 3270 983 3322 essayait
997 3281 1025 3311 en

67 3324 123 3367 note
136 3322 183 3366 ade
198 3324 222 3365 la
231 3334 253 3378 p.
269 3323 315 3368 438.
577 3326 632 3367 raiu
646 3325 673 3366 de
687 3336 712 3366 sii
725 3324 837 3366 concilior
849 3322 936 3375 Lepide
947 3323 986 3376 qui
999 3333 1028 3365 uc

92 3373 236 3430 &Pontifioe
257 3379 362 3421 nanniano.
383 3375 469 3433 Ldpide
485 3380 522 3421 lut
577 3379 693 3421 remerein
707 3380 782 3419 meum
806 3388 848 3429 pas
862 3377 882 3418 le
902 3376 973 3418 ⁸<enat
987 3376 1028 3417 des

66 3426 121 3473 cred
141 3442 146 3453 ¹
170 3430 246 3471 ulier
264 3432 381 3479 murima,
405 3431 473 3487 apres
499 3433 520 3475 le
578 3431 915 3474 lioruieursextramdinuires
939 3431 979 3481 qui
994 3430 1026 3471 lui

63 3492 136 3545 metir
146 3484 171 3526 re'
209 3494 222 3527 e
234 3483 318 3533 Cdsar.
334 3496 362 3529 en
376 3490 443 3528 vertu
452 3487 521 3529 d'une
576 3484 664 3528 etaient
672 3485 792 3529 ‹lecerne's
803 3485 841 3528 (li.
853 3483 927 3536 la'ptat.
939 3483 1032 3527 fouit,

66 3534 174 3581 decisien
192 3535 297 3593 specius
314 3538 344 3582 du
366 3539 455 3594 eollipe
480 3539 521 3581 des
578 3542 701 3586 xxxin.
