2244 3848
416 135 469 179 uus
491 135 695 205 cumutamus
976 120 1035 178 313

70 274 143 331 tum
157 269 369 348 Allobrogum
386 270 612 348 populumque
632 271 757 331 litteren.
775 270 807 331 Si
826 270 904 349 quid
928 269 969 330 de
988 271 1039 330 his

71 361 173 421 rebus
189 359 297 421 dicere
310 360 420 437 vellet,
435 360 498 420 ieci
512 364 718 438 potestatem.
740 362 843 438 htque
862 361 914 420 ille
933 360 1038 438 primo

72 450 209 527 quidem
223 447 368 526 negavit3
385 453 460 527 post
475 455 584 510 autem
607 450 785 527 aliquanto,
810 456 876 510 toto
897 450 966 527 ,ianr
989 451 1039 509 in-

72 539 159 600 dicio
175 539 322 616 exposito
336 544 433 616 atque
448 539 546 612 edito,
561 541 716 610 surrexit3
733 540 881 617 quaesivit
894 557 913 598 a
925 538 1035 609 Gallis,

71 628 148 706 quid
165 628 229 688 sibi
246 633 332 689 esset
349 628 491 701 cuniis,
509 647 606 706 (qutun
629 629 668 689 ob
698 647 766 688 rem
793 631 928 690 domum
945 647 1036 688 sunm

71 718 238 779 venissent
262 717 405 795 itemque
428 735 446 778 a
465 719 641 779 Volturcio.
657 718 717 789 Qui
733 736 806 778 cum
831 718 876 777 illi
898 717 1038 777 breviter

72 809 324 883 constanterque
337 805 596 883 respondissent,
608 823 665 883 per
680 824 779 882 quem
795 806 834 866 ad
851 823 937 879 eum,
955 823 1037 881 quo-

72 896 221 974 tiensque
245 897 424 968 venissent,
454 895 713 974 quaesissentque
754 896 793 956 ab
829 914 878 970 eo,
913 895 1036 954 nihilne

74 1004 186 1048 secum
210 991 300 1048 esset
313 986 351 1046 de
369 986 445 1047 fatis
461 986 627 1065 Sibyllinis
648 986 788 1060 locutus,
813 991 883 1046 tum
906 985 958 1045 ille
983 1003 1037 1045 su-

74 1075 153 1150 bito,
175 1076 299 1138 scelere
323 1074 471 1150 demenS,
496 1081 616 1153 quanta
640 1077 845 1136 conscientiae
867 1076 915 1134 vis
938 1081 1034 1150 esset,

73 1165 227 1226 ostendit.
241 1167 334 1238 Nam,
351 1183 427 1227 cum
440 1165 473 1225 id
485 1169 595 1244 posset
611 1166 756 1237 iniiliari,
772 1171 904 1243 repenle
920 1171 1036 1242 praeter

72 1255 262 1332 opinionem
278 1255 426 1315 omnium
442 1256 612 1316 consessus
630 1256 749 1314 estha
765 1271 839 1314 eum
855 1272 921 1313 non
937 1253 1035 1313 niodo

71 1344 239 1423 ingenium
265 1345 356 1413 illud,
377 1349 408 1406 et
433 1344 561 1405 dicendi
590 1344 789 1418 exercitatio,
817 1362 881 1421 qna
906 1360 1035 1418 semper

70 1435 181 1509 valuit,
208 1433 265 1493 sed
278 1434 376 1493 etiam
387 1440 519 1511 propter
534 1436 601 1493 vim
618 1434 750 1495 sceleris
762 1432 926 1493 manifesti
939 1436 1033 1509 atque

68 1521 274 1602 deprehensi,
297 1523 511 1601 impudentia,
531 1541 593 1600 qua
618 1525 791 1601 superabat
818 1540 945 1599 omnes,
973 1523 1034 1582 irn-

67 1610 278 1689 probitasqne
291 1611 422 1673 deiecit.

109 1710 369 1771 [Uolturcius
400 1728 474 1771 vero
502 1711 611 1772 subito
633 1711 756 1773 litteras
781 1709 918 1790 proferri
935 1713 1032 1788 atque

70 1798 189 1878 aperiri
203 1799 307 1877 jubet,
324 1817 405 1878 quas
421 1800 483 1860 sibi
500 1801 667 1861 aLentnlo
690 1802 730 1862 ad
752 1802 922 1863 Catilinam
942 1801 1032 1861 datas

70 1906 142 1951 esse
168 1888 306 1951 dicebat.
324 1891 427 1968 Atque
452 1890 496 1950 ibi
517 1890 803 1952 vehementissime
820 1891 1031 1970 perturbatus

70 1979 241 2052 LentuluS,
258 1983 367 2040 tamen
377 1984 409 2039 et
419 1980 550 2058 signum
562 1984 593 2039 et
603 1999 738 2041 manum
755 1999 849 2041 suam
865 1981 1029 2057 cognovit.

70 2071 166 2129 Erant
191 2074 301 2130 autem
327 2070 397 2129 sine
418 2070 550 2128 nomine
569 2073 588 2142 ¹,
608 2070 664 2130 sed
685 2072 729 2129 ila
746 2088 753 2129 :
773 2070 847 2141 (tuis
871 2069 939 2133 eitra,
957 2069 1031 2126 scies

69 2176 106 2219 ea
120 2177 155 2217 eo
171 2176 261 2239 quem
276 2157 320 2219 od
333 2168 361 2218 te
377 2158 455 2217 anisi.
474 2156 558 2218 (Iura
575 2170 605 2217 ul
623 2160 670 2217 vir
688 2160 740 2232 eir,
761 2169 800 2227 rt,
821 2159 921 2238 rapite
943 2176 1032 2236 (patena

67 2247 100 2306 in
116 2245 218 2307 Iocum
233 2248 274 2307 cis
286 2266 478 2329 proffessus.
500 2246 571 2308 Vide
585 2247 693 2328 ecquid
705 2247 838 2327 tibe’jom
849 2248 888 2305 sit
902 2264 1029 2319 necesse,

67 2344 95 2396 el
114 2356 194 2398 cura
212 2346 246 2396 ut
266 2338 401 2397 errantum
425 2335 483 2396 tibi
506 2335 630 2396 otacilio
655 2335 820 2417 adjunqas,
839 2337 934 2398 etiam
961 2336 1032 2416 infi-

65 2446 204 2487 morum.

105 2517 265 2578 Gabinius
274 2517 697 2593 deindeintrodnetus,cum
706 2518 810 2595 primo
820 2517 1027 2594 impudenter

64 2606 263 2686 respondere
285 2607 447 2684 coepisset,
469 2606 508 2666 ad
533 2613 713 2667 extremum
730 2608 810 2667 nihil
826 2626 864 2668 ex
886 2607 937 2679 iis,
955 2623 1025 2681 (puae

64 2697 145 2758 Galli
160 2696 406 2771 insimulabant,
423 2697 566 2773 negavit.

104 2797 155 2855 13.
173 2795 218 2856 Ac
234 2796 315 2856 mihi
332 2795 474 2873 quidem,
496 2796 647 2870 Quirites,
661 2814 738 2858 curn
763 2797 818 2858 illa
844 2795 1026 2857 certissima

63 2884 135 2945 visa
157 2890 446 2969 suntargumenta
463 2890 558 2962 atque
575 2887 694 2947 indicia
715 2888 858 2953 sceleris,
885 2884 1020 2949 tabellae,

64 2974 170 3053 signa,
183 2993 312 3052 manus,
330 2976 469 3053 denique
483 2976 581 3035 unius
593 2977 753 3053 cujusque
765 2975 939 3045 consessio,
954 2979 1025 3034 turn

64 3064 170 3124 mullo
189 3066 328 3127 certiora
344 3065 408 3137 ille,
428 3064 526 3136 color,
544 3066 640 3137 oculi,
659 3063 777 3140 v'nltuS,
804 3065 1021 3126 taciturnitas,

63 3152 117 3214 Sic
136 3155 227 3215 enim
250 3156 493 3232 obstupuerant,
512 3155 558 3214 sic
579 3159 700 3215 terram
724 3156 949 3226 intuebantur,
980 3153 1026 3212 sic

92 3317 111 3357 l.
126 3314 182 3358 Siue
198 3315 293 3358 aonaine.
310 3314 515 3370 Ilmauquo.i1a
569 3315 614 3358 Ces
636 3316 699 3360 deux
721 3327 790 3358 nome
814 3326 839 3358 se
862 3316 973 3358 trouvent
989 3324 1020 3357 en

63 3366 120 3417 lois,
133 3370 156 3413 le
170 3380 226 3413 nom
239 3369 268 3414 de
280 3370 342 3412 celui
366 3371 406 3424 qui
419 3370 477 3412 ecrit
492 3372 515 3412 et
570 3371 615 3412 tete
627 3370 655 3414 de
681 3373 743 3413 toute
753 3371 830 3421 lettre,
845 3380 865 3422 p.
878 3381 914 3412 ex.
928 3369 1019 3410 :ulcero

63 3422 94 3467 de
103 3423 167 3466 cclni
175 3423 187 3465 h
196 3424 238 3478 qni
247 3423 268 3466 la
278 3424 385 3467 lettreesl
397 3421 514 3465 :plussin
571 3423 586 3462 ,t
597 3424 652 3461 reim
662 3425 768 3467 salutem,

858 3517 889 3570 t8
