2250 3818
261 274 298 316 tn
320 279 335 311 «
361 273 416 316 rao
439 274 466 314 r.
492 271 592 316 snsrro
616 280 630 309 a
872 257 931 313 389

74 411 231 488 temporis
252 427 326 469 eum
347 409 445 486 hujus
471 409 624 485 praesenti
648 407 836 468 defensione
856 425 929 468 esso

60 505 187 560 metam.

60 627 87 686 l.
105 627 153 684 3⁶2.
170 627 243 685 Erat
258 625 355 702 igitur
370 625 403 684 in
418 624 507 684 luctu
524 628 670 700 senatus3
695 626 862 702 squalebat
886 624 930 685 oi-

60 765 62 781 ,
91 715 221 793 publico
250 714 387 775 oonsilio
414 718 504 774 veste
537 718 676 783 nmtata3
706 714 831 773 nullum
862 718 931 775 erat

60 805 308 882 antonioipiunr,
326 804 415 864 nulla
437 804 573 871 eolonia,
592 802 681 863 nulla
704 804 927 881 praefeotura¹,

70 897 178 955 Rornae
197 895 335 955 societas
347 892 554 974 vectigalium
564 895 585 965 ²,
598 895 725 954 nullum
739 895 929 970 collegiu1n³

60 985 221 1056 modium,
241 988 297 1043 aut
316 984 449 1043 omnino
476 983 606 1060 aliquod
629 1001 803 1045 commune
823 984 930 1043 consi.-

76 1074 161 1150 qnod
174 1078 243 1133 lum
256 1091 322 1134 non
335 1073 666 1134 honorificentissime
685 1075 724 1134 do
740 1091 812 1134 mea
827 1074 929 1134 saluto
1005 1137 1008 1144 ,

60 1164 186 1222 disset:
211 1181 286 1223 oum
307 1163 416 1223 subito
432 1163 562 1223 edicunt
580 1162 643 1221 duo
661 1164 824 1237 consules,
841 1167 875 1222 ut
890 1163 929 1223 ad

60 1278 65 1312 l
97 1254 251 1312 vestitum
288 1256 454 1313 senatores
488 1253 640 1312 redirent.
677 1254 753 1324 Quis
786 1271 928 1329 unquam

60 1340 82 1400 rl
97 1345 247 1401 senatum
263 1341 366 1418 ipsius
383 1340 521 1400 decretis
536 1358 646 1417 parere
662 1342 836 1418 prohibuit,
855 1342 928 1419 quis

62 1448 123 1490 nus
140 1431 277 1490 miseros
292 1431 401 1506 lugere
416 1431 537 1490 vetrrit‘?
552 1432 710 1490 Parumne
722 1436 781 1500 est,
798 1432 882 1504 Piso,
894 1437 929 1491 ut

60 1539 118 1580 ,am
131 1521 313 1591 Gabinium,
328 1521 413 1597 qnod
424 1524 549 1579 tantum
560 1521 712 1580 homines
726 1519 878 1592 fefellisti,
894 1525 929 1581 ut

63 1627 155 1688 geres
169 1611 394 1669 auctoritatem
408 1615 551 1681 senatus,
565 1611 678 1688 optimi
690 1610 848 1686 cujusque
857 1627 929 1669 con-

60 1702 288 1773 :ontemneres
306 1715 375 1758 rern
398 1700 562 1776 publicam
575 1699 740 1776 prodereS,
758 1700 927 1759 consulare

60 1805 88 1847 m
105 1788 286 1865 affligeres?
308 1788 451 1849 etiamne
468 1788 592 1848 edicere
613 1788 764 1857 audebas,
788 1806 828 1848 ne
845 1806 928 1848 mm-

63 1878 244 1938 thomines
267 1894 385 1948 meam,
408 1895 513 1948 suam,
536 1879 582 1936 rei
605 1879 740 1956 publicae
762 1876 928 1937 calamita-

61 1984 102 2027 ne
116 1967 203 2027 huno
218 1984 314 2026 suum
328 1967 474 2026 dolorem
493 1970 581 2026 veste
604 1967 840 2044 significarent?
855 1967 926 2027 Sira

60 2057 134 2116 estis
148 2049 284 2116 minatio
300 2056 339 2115 ad
352 2057 476 2116 lnetmn
491 2057 647 2132 ipsorum,
666 2058 732 2116 sive
754 2057 792 2116 ad
814 2057 927 2134 depre-

60 2163 107 2204 1m
123 2146 259 2217 valebat,
278 2147 349 2222 quis
366 2163 508 2222 unquam
528 2149 595 2204 tarn
623 2145 761 2204 erudelis
786 2143 855 2213 lun,
872 2152 926 2221 qni

64 2237 156 2295 beret
171 2252 367 2312 quemquam
387 2239 442 2293 aut
466 2234 526 2293 sibi
551 2252 696 2303 maerere,
727 2239 782 2293 aut
810 2234 926 2293 ceteris

64 2324 171 2384 icaro?
195 2325 244 2383 33.
272 2324 373 2395 Quid?
399 2341 457 2383 sua
479 2329 592 2401 sponte
614 2324 763 2382 homines
787 2323 821 2382 in
845 2323 926 2382 ami-

60 2432 80 2472 n
96 2413 249 2490 perieulis
263 2413 417 2472 vestitum
437 2418 562 2473 mutare
582 2430 648 2471 non
664 2413 788 2472 solent‘l
812 2430 870 2490 pro
896 2419 926 2471 to

69 2503 143 2562 Piso
156 2503 175 2573 ²,
199 2520 339 2563 nemone
361 2502 518 2561 mutabit?
540 2519 580 2560 ne
604 2503 656 2561 isti
674 2503 815 2579 quidem,
846 2519 927 2579 quos
994 2538 999 2545 ·

60 2608 92 2651 os
104 2593 114 2624 ὅ
128 2609 195 2651 non
209 2592 306 2652 modo
324 2591 412 2651 nullo
427 2594 557 2650 senatus
574 2591 733 2661 consulto,
750 2592 806 2651 sed
830 2592 926 2651 etiam

60 2686 167 2756 ‚mante
192 2684 317 2753 senatu,
345 2681 402 2741 tibi
427 2683 494 2740 tute
519 2680 653 2758 legasti?
676 2683 756 2757 Ergo
784 2681 926 2741 hominis

60 2771 140 2839 irati,
159 2776 189 2830 et
208 2771 386 2848 proditoris
406 2771 451 2830 rei
474 2770 611 2847 publicae
636 2788 748 2830 celsum
772 2770 928 2847 lugebunt

60 2922 173 2974 asemon.
190 2921 247 2963 l'oir
259 2921 282 2962 la
303 2922 356 2963 note
371 2918 423 2962 ode
477 2918 594 2973 polilique
609 2922 632 2962 et
645 2919 733 2962 sociale
747 2919 776 2961 de
794 2928 837 2961 nos
850 2917 928 2971 syndi-

60 2973 92 3016 lfl.
478 2974 536 3019 cols,
554 2972 653 3015 societis
668 2971 696 3014 de
711 2971 926 3019 seconrsmntuols.

60 3028 188 3079 rrfipaliom.
217 3028 274 3068 Voll·
294 3027 317 3069 la
342 3026 423 3068 notet
478 3027 522 3068 etc.
538 3027 705 3067 -Goocr'le'nm,
720 3023 927 3078 Touleespecede

60 3114 65 3124 .
76 3079 124 3124 163.
136 3081 180 3124 Les
193 3079 293 3123 sociates
310 3080 338 3122 de
350 3079 422 3133 polli-
478 3079 555 3121 cerole
567 3090 597 3121 ou
612 3078 641 3121 de
654 3076 762 3120 riunion.

60 3136 102 3176 'oir
129 3145 153 3188 p.
185 3132 240 3187 175),
263 3134 372 3176 fermiers
394 3133 423 3176 de
504 3132 523 3175 4.
538 3133 597 3172 l'iso.
613 3133 759 3186 Apostrophe
779 3130 793 3173 a
814 3130 926 3173 Pisonll

62 3218 66 3227 .
479 3190 514 3228 est
525 3187 652 3239 proconsul
663 3196 692 3226 en
703 3184 855 3232 llace'doine3
867 3182 928 3226 Cice-

62 3240 161 3292 llepfom.
188 3241 232 3283 Les
260 3241 424 3294 corporalions
479 3250 521 3280 ron
537 3250 567 3280 va
589 3239 680 3280 obtenir
708 3250 750 3280 son
772 3236 928 3291 rappel(voir

60 3304 98 3343 es,
124 3294 229 3346 origines
250 3294 290 3337 des¹
312 3302 410 3348 corpor·
478 3304 501 3346 p.
528 3291 574 3345 56„
599 3292 615 3333 il
640 3292 661 3333 le
682 3302 779 3333 mennae
799 3291 827 3334 de
856 3301 926 3344 pour-

60 3347 82 3388 lu
108 3349 257 3401 {noyon-alge,
277 3347 422 3409 le'galmnenl
478 3344 871 3398 snilrsporrrsonadministration
882 3354 928 3397 perr

61 3400 102 3443 ees
112 3401 204 3454 (quibos
214 3402 272 3442 coire
288 3401 381 3452 lrcetaf)
392 3412 422 3441 ou
478 3401 588 3441 nannete.

60 3466 64 3495 ι
79 3453 185 3508 (collepio
197 3458 276 3495 eontra
288 3454 363 3506 lepos),
377 3453 423 3496 tres
505 3452 720 3503 5.J,‹=‚q«ros.1³is0n
732 3450 809 3494 s'etair
826 3450 929 3493 attribuo

60 3506 155 3550 eusest
178 3509 253 3551 Rome
278 3510 301 3550 et
319 3507 378 3549 dans
389 3507 423 3548 les
479 3506 520 3548 des
531 3506 677 3548 lieufenants
691 3515 747 3546 sans
762 3503 893 3547 demandes
909 3506 934 3545 le

60 3571 105 3611 res,
135 3562 229 3605 avaient
262 3560 423 3614 l'importnnoe
480 3561 662 3604 consentonmnt
671 3558 706 3602 dn
714 3557 801 3601 serint.

739 3650 791 3699 Ὦ.
