2244 3848
77 191 137 249 *250
212 208 268 252 nes
291 210 441 255 rennuens
461 212 523 256 nux
544 211 688 257 niseouns
710 212 917 259 eousunnrnes

77 343 179 404 Testis
200 349 250 403 est
269 346 388 407 iterum
414 353 446 409 et
462 348 604 426 saepius¹
625 348 726 422 Italia,
744 366 816 426 quoe
838 367 918 411 eum
937 352 1037 413 serviti

78 433 161 494 bello
182 436 266 494 tetre
292 436 545 514 periculosoque
571 443 787 515 premeretur,
812 440 854 500 ab
875 441 939 501 hoc
960 443 1037 503 euni-

77 525 158 584 liunr
184 524 317 585 absente
343 527 508 604 expetivit,
536 527 624 604 quod
648 527 776 588 beilum
802 531 1034 607 exspectatione

79 612 225 688 Pornpeii
245 618 449 676 attenuatum
469 622 566 694 utque
584 617 800 677 imminutum
822 624 885 692 est,
909 621 1034 680 adventu

79 702 245 766 sublatum
271 721 308 764 ac
333 706 532 784 sepultunr2.
559 707 609 766 31.
640 708 752 768 Testes
777 725 869 769 nune
889 727 965 769 vere
978 708 1032 787 jen

80 798 284 855 onrnessuut
312 797 412 870 creet,
444 800 539 872 atque
570 813 685 856 ornnes
715 799 833 856 exterae
865 801 978 875 gentes
1005 816 1031 859 ae

80 883 231 946 nationes
243 885 268 957 ι’,
286 885 426 961 denique
447 886 549 944 niaria
564 885 683 958 omnio,
703 903 781 946 cunr
794 887 963 962 universa,
978 894 1030 948 turn

83 979 115 1036 in
132 973 270 1050 singulis
286 975 353 1034 oris
369 993 484 1035 ornnes
499 975 590 1035 sinus
607 981 702 1053 etque
717 981 846 1054 portus.
864 979 944 1050 Quis
959 978 1028 1038 enirn

84 1068 150 1126 toto
165 1065 245 1123 nrari
260 1064 351 1124 locus
367 1083 424 1143 per
438 1067 499 1125 hos
515 1083 618 1126 annos
634 1069 766 1126 euttam
784 1067 920 1128 firmum
937 1068 1028 1128 hebuit

83 1152 283 1234 presidium,
306 1158 342 1214 ut
363 1159 452 1215 tutus
477 1161 575 1228 esset,
595 1158 652 1215 aut
670 1159 736 1215 tarn
762 1155 827 1215 fuit
849 1158 987 1231 abditus,
1003 1159 1027 1216 ut

83 1242 216 1305 lateret?
242 1244 319 1315 Quis
349 1245 523 1321 navigavit,
551 1245 693 1322 quinon
717 1261 752 1304 se
775 1251 833 1306 aut
854 1248 970 1307 mortis
988 1248 1027 1305 aut

83 1333 249 1396 servitutis
264 1335 409 1412 periculo
431 1335 661 1407 committeret,
677 1352 754 1394 cum
779 1340 837 1396 aut
852 1336 971 1410 hieme,
986 1336 1025 1394 eut
1067 1352 1071 1357 ·

83 1425 203 1486 referto
222 1422 412 1502 praedonum
434 1424 516 1483 inari
541 1423 725 1500 navigaret?
740 1421 810 1484 Hoc
829 1429 957 1485 tentum
981 1422 1027 1485 bet-

82 1517 164 1586 ium,
180 1514 246 1572 tam
261 1517 354 1591 turpe
362 1516 384 1583 ³³,
400 1517 467 1573 tam
481 1517 574 1573 vetus
585 1514 607 1585 ὃ,
624 1516 690 1570 tern
706 1511 768 1572 lete
784 1512 932 1574 divisum
948 1519 1024 1590 atque

85 1604 281 1679 dispersum,
299 1604 371 1681 quis
387 1620 531 1679 unquonr
547 1601 757 1661 arbitraretur
771 1607 827 1663 eut
838 1602 879 1663 ab
894 1602 1027 1662 omnibns

85 1692 337 1768 imperatoribus
357 1710 422 1752 uno
443 1708 539 1761 enno,
561 1696 616 1751 eut
634 1691 789 1750 omnibus
810 1693 907 1751 annis
923 1693 961 1753 eb
980 1706 1029 1752 uno

86 1784 306 1859 irnperatore⁷
340 1782 454 1842 confici
484 1779 602 1859 posse‘?
630 1780 678 1839 32.
712 1780 817 1851 Quem
846 1781 1031 1858 provinciam

85 1870 236 1932 tenuistis
266 1888 283 1930 a
312 1871 519 1948 praedonibus
548 1871 683 1930 liberem
714 1887 771 1946 per
795 1871 898 1932 hosce
925 1869 1033 1933 annos?

86 1961 173 2039 quod
194 1961 349 2037 vectigal⁸
371 1961 463 2021 vobis
484 1964 591 2020 tuturn
615 1958 701 2018 fuit‘?
723 1977 822 2036 quern
843 1961 973 2021 socium
991 1958 1036 2020 de-

85 2049 258 2112 tenuistis?
274 2051 325 2110 cui
338 2050 490 2129 presidio
504 2050 663 2110 elassibus
674 2049 791 2109 vestris
803 2048 939 2112 fuistis?
952 2067 1037 2128 quern

87 2143 207 2202 multas
224 2141 416 2201 existimetis
431 2139 556 2200 insulas
573 2156 644 2200 esse
661 2139 827 2200 desertas?
843 2158 944 2218 quam
962 2139 1039 2200 mul-

111 2361 131 2400 t.
148 2356 242 2409 sepios.
257 2355 368 2398 Pendeut
382 2355 416 2398 les
431 2355 537 2397 diverses

103 2411 195 2456 e‘riodes
206 2410 234 2451 de
245 2410 266 2451 le
278 2420 362 2463 guerre
373 2408 445 2451 civite
456 2411 537 2450 contre

87 2424 108 2508 Fe
122 2464 184 2518 parti
198 2462 338 2504 deuterius.

113 2528 133 2568 2.
152 2523 276 2576 sepouon,
298 2525 332 2567 Le
349 2535 433 2578 guerre
449 2525 485 2566 est
499 2534 538 2566 eu-

89 2578 171 2623 terre'e.
201 2577 307 2621 Velleius
330 2577 472 2620 paterculus
491 2577 534 2630 (II,

85 2632 160 2686 exne)
182 2631 283 2686 reprend
304 2634 364 2675 cette
384 2631 535 2684 expression:

87 2687 174 2728 Bellum
197 2685 293 2727 adventu
314 2685 410 2726 rupee-ts
429 2685 537 2737 sepultum

87 2753 114 2783 uc
133 2738 254 2780 {licerer-uon
266 2743 309 2782 eet,
323 2741 359 2780 On
372 2749 386 2780 a
398 2749 429 2780 vu
440 2739 503 2788 (nete
513 2739 536 2779 tl

86 2794 114 2837 de
125 2794 149 2836 le
159 2804 180 2847 p.
189 2792 238 2846 ene)
250 2794 359 2836 cornbien
371 2791 469 2834 ciceron
484 2802 539 2835 exe·

88 2847 141 2902 gere
164 2847 185 2889 le
197 2846 247 2889 rote
264 2847 293 2889 de
315 2842 418 2899 Ponrpee
437 2845 497 2888 dens
517 2845 541 2888 lu

86 2911 171 2955 guerre
191 2899 233 2942 des
244 2899 361 2943 esclaves.
378 2922 403 2928 -
417 2897 542 2952 Exspecta-

86 2955 170 2995 to‘onr...
195 2952 298 2994 orirentur.
322 2953 356 2995 Gt.
376 2953 422 2992 Pro
448 2951 540 3002 Anemo,

87 3008 128 3055 ΙΙΙ,
145 3010 170 3049 4:
192 3008 400 3059 Exspectetiunem
414 3006 482 3058 ipsine
501 3004 541 3048 ad·

86 3065 197 3104 ventus...
214 3065 337 3113 uper-uret.
355 3060 374 3101 n
390 3062 425 3101 est
441 3060 540 3102 curieux

86 3114 114 3157 de
127 3115 246 3157 constater
266 3115 300 3158 les
319 3112 419 3168 grandes
438 3124 540 3157 ressern-

85 3167 184 3210 hlences
193 3167 225 3209 du
235 3168 294 3221 style
302 3169 331 3210 de
339 3164 437 3211 ciceron
446 3168 506 3210 dans
517 3168 539 3210 le

87 3220 132 3312 ὶΙζνο
147 3219 240 3268 Arenio,
261 3222 283 3264 et
301 3222 321 3264 le
336 3221 381 3261 I'ro
398 3221 445 3275 tepe
462 3221 537 3261 oloni-

98 3287 127 3314 m.

111 3338 131 3377 3.
150 3336 206 3376 (tre.
226 3332 271 3376 Les
295 3339 391 3391 rivages
405 3336 436 3378 on
452 3337 486 3380 les
501 3339 536 3392 pi·

86 3390 148 3432 retes
160 3387 305 3432 descendent
319 3400 379 3445 pour
393 3390 469 3444 pitter.

113 3460 133 3504 le.
160 3456 253 3501 Ecterae
273 3465 350 3511 pentec
372 3472 399 3501 uc
425 3462 536 3503 orationes.

593 2355 652 2396 Voir
662 2353 696 2396 les
709 2352 880 2398 notes5et6de
890 2355 915 2397 le
927 2367 987 2410 page
1000 2355 1043 2400 ru.

594 2406 652 2448 Gens
673 2406 770 2461 designe
790 2406 816 2449 la
841 2418 915 2458 race;
937 2410 1044 2457 viaticum,

592 2462 744 2558 plepepptcipns
764 2461 805 2515 qui
829 2462 1045 2516 appartieuneutt

619 2577 639 2620 t.
652 2577 703 2618 Tam
718 2580 788 2630 turpe.
801 2576 884 2621 C'etait
893 2579 918 2621 le
932 2580 1004 2623 honte
1016 2580 1042 2623 de

593 2641 675 2688 Rome,
701 2629 791 2693 ὄνειδος
831 2637 874 2698 τῆς
907 2631 1042 2705 Ῥωμαίων

592 2703 732 2774 ἡγεμονίας,
745 2711 780 2755 dit
791 2712 924 2767 Pluterque
932 2714 1043 2767 (Pompe,

594 2774 711 2878 ¹13ssan
727 2840 795 2878 ectus.
816 2837 944 2881 Terminee
973 2850 1002 2882 en
1020 2838 1046 2882 67

595 2901 638 2944 par
649 2890 754 2953 Pompee
770 2889 839 2985 apres
853 2900 900 2934 uue
915 2903 1046 2947 campagne

596 2943 774 2991 denotemus,
797 2954 909 2999 aguerre
929 2945 970 2989 des
988 2948 1046 3001 pira-

597 3001 631 3041 tes
647 2999 711 3040 avait
721 2997 858 3041 commeuce
870 3009 900 3041 en
912 2998 947 3048 87,
961 3011 1016 3043 sous
1026 2999 1046 3042 le

596 3053 707 3094 consulet
719 3051 747 3094 de
758 3052 798 3092 Cn.
811 3053 928 3096 Octavius
944 3056 967 3096 et
979 3053 1007 3098 de
1020 3055 1043 3095 1,.

596 3106 809 3148 CorneliusCinne.

621 3171 641 3208 7.
658 3168 691 3208 ΑΙ]
707 3168 831 3213 coortum...
851 3168 878 3209 ub
898 3181 941 3209 uuo
957 3170 1046 3223 irrepere-

593 3224 657 3262 tore..
678 3222 765 3276 Figure
780 3220 810 3263 de
825 3215 964 3277 rhetorrquc
979 3234 1046 3277 appe-

595 3282 630 3326 lee
647 3284 789 3323 eornmutntr'o
804 3294 835 3325 Ou
856 3271 1043 3346 ἀντιμεταβολῇ.

620 3357 639 3398 8.
663 3356 769 3406 t'rcn'pot.
784 3357 842 3399 voir
854 3356 879 3398 le
891 3359 947 3401 note
959 3358 973 3400 5
984 3357 1011 3400 de
1024 3357 1045 3399 le

592 3421 614 3462 p.
624 3412 668 3450 163.
678 3410 722 3452 Les
730 3409 819 3463 pirates
831 3411 999 3464 empecneient
1010 3411 1043 3453 les

594 3462 679 3518 impote
691 3463 719 3505 de
733 3464 844 3518 parvenit
855 3463 868 3505 e
879 3465 963 3508 Rome.
