2250 3818
65 260 80 288 «
95 252 125 296 ru
141 252 173 294 u.
188 250 343 295 nuromuu
359 247 469 292 orario
485 245 650 290 rrunrnrrea
667 248 774 291 rubria
789 249 899 292 oncrua
918 256 932 285 »
965 235 1020 292 5⁹21
1079 304 1081 309 ,

62 387 212 459 Quonam
233 385 332 444 modo
358 381 519 460 accipient
544 382 750 442 severitatem
776 386 904 444 meam?
926 384 1023 443 Multa

38 481 41 487 '
63 477 154 536 enim
174 474 255 535 falsa
275 474 314 534 de
329 490 383 533 me
407 471 592 541 audierunt,
615 472 718 532 muita
740 474 780 533 ad
800 492 856 534 eos
883 474 1022 550 improbi

61 565 261 626 detulerunt.
282 564 428 635 Quorum
451 561 636 634 commoda,
658 567 694 621 ut
713 580 771 622 vos
796 564 910 640 optimi
926 567 1023 622 testes
1108 594 1111 599 ,

64 655 156 728 estiS,
186 671 315 732 semper
344 669 403 728 ego
435 651 605 724 sententia,
638 653 841 726 auctoritate,
879 654 1023 712 oratione
1099 685 1107 695 ·-

63 745 208 815 firmavi;
232 742 288 803 sed
310 741 446 801 credunt
466 741 637 818 improbis,
658 741 795 803 credunt
813 743 1022 814 turbulentis

62 833 200 894 credunt
226 833 307 892 suis
339 831 420 890 Sunt
448 834 557 890 autem
586 830 686 891 sortes
716 831 764 890 ilii
793 830 936 907 quidem,
967 832 1023 891 sed

63 927 196 1002 propter
210 922 402 982 memoriam
416 937 536 995 rerum,
557 938 635 998 quas
650 926 821 998 gesserunt
836 938 894 999 pro
910 922 1023 999 popuii
1084 938 1087 944 ·

63 1013 201 1074 Romani
214 1012 371 1085 libertate,
389 1014 421 1071 et
433 1009 590 1070 saluterei
606 1011 755 1088 publicae,
769 1012 868 1072 nimis
885 1011 1020 1086 feroceS,
1110 1056 1112 1061 -

65 1108 98 1164 ot
121 1103 159 1164 ad
185 1121 277 1163 suam
307 1101 373 1161 vim
393 1099 503 1160 omnia
524 1105 636 1160 nostra
660 1102 799 1161 concilia
819 1106 1019 1162 revocantes.

64 1195 189 1253 Horum
205 1210 264 1270 ego
279 1191 509 1272 cogitationem
524 1208 590 1250 non
605 1209 735 1265 vereor3
750 1192 909 1270 impetum
923 1193 1022 1270 perti-

63 1285 211 1345 meseo¹.
751 1309 756 1319 ·

104 1383 154 1442 30.
180 1383 254 1441 Haec
269 1396 400 1457 quoque
421 1382 508 1440 tanta
529 1380 674 1459 pericula
689 1381 717 1440 si
737 1381 880 1457 effugero
901 1383 1022 1442 satisne

61 1476 171 1535 tutum
198 1471 339 1530 reditum
359 1469 478 1547 putatis
500 1469 588 1529 iore?
614 1470 693 1530 Cum
719 1470 805 1530 enim
830 1475 860 1529 et
879 1476 1022 1530 vestram

61 1562 301 1633 auctoritatem,
326 1574 399 1618 nreo
423 1576 513 1618 more
541 1558 728 1633 defendero,
750 1563 781 1618 et
796 1576 901 1619 meam
925 1558 1021 1619 fidem

61 1651 110 1713 rei
139 1649 277 1729 publicae
302 1651 584 1726 constantiamque
613 1649 807 1726 praestitero,
833 1654 902 1707 tum
928 1651 1022 1708 erunt

61 1740 145 1802 mihi
168 1740 277 1799 nonii
306 1740 426 1813 solum,
446 1739 501 1817 qui
516 1755 568 1798 me
592 1738 740 1809 oderunt,
763 1738 820 1798 sed
843 1737 890 1796 iiii
911 1738 1019 1812 etiam,

62 1831 120 1909 qui
142 1829 298 1902 invident,
329 1828 573 1890 extimescendi.
602 1827 809 1888 custodiatur
826 1828 925 1903 igitur
949 1845 1022 1887 mea

60 1920 128 1981 vita
143 1918 354 1997 reipublicae,
366 1936 477 1996 eaque,
495 1917 601 1995 quoad
612 1917 662 1977 rei
674 1917 825 1994 dignitas,
842 1916 891 1976 vel
908 1922 1022 1977 natura

61 2010 214 2088 patietur,
257 2008 368 2085 patria
411 2012 609 2079 reservetur,
653 2023 742 2066 mors
783 2010 838 2066 aut
880 2005 1021 2066 necessi-

59 2104 163 2161 tatem
184 2098 300 2158 babeat
319 2097 387 2170 fati,
414 2100 480 2169 aut,
502 2097 529 2155 si
551 2099 623 2154 ante
643 2095 823 2171 oppetenda
841 2099 901 2167 est,
925 2112 1021 2172 oppo-

61 2193 149 2249 tatur
164 2205 239 2247 cum
255 2187 369 2265 gioria.

103 2278 178 2336 Haeo
193 2293 268 2335 oum
283 2277 326 2334 ita
339 2274 414 2347 sint,
429 2273 492 2332 etsi
508 2274 591 2334 bano
602 2274 798 2350 legationem
810 2289 861 2331 res
877 2272 1018 2348 publica,
1083 2300 1087 2306 ·

60 2369 98 2426 ut
129 2365 294 2424 levissime
324 2363 440 2434 dicam,
466 2362 721 2434 nondosiderat3
746 2366 865 2433 tamon,
897 2361 924 2420 si
951 2365 1019 2420 tuto

60 2454 173 2516 licebit
200 2454 257 2526 ire,
287 2452 484 2530 proficiscar.
516 2451 667 2524 Omnino,
694 2455 800 2528 patres
830 2450 1018 2526 conscripti,

61 2547 169 2608 totum
192 2543 330 2619 hujusce
353 2543 399 2603 rei
424 2543 599 2604 consilium
622 2559 688 2600 non
703 2558 775 2601 meo
791 2541 947 2619 periculo,
964 2540 1020 2599 sod

60 2633 201 2694 utilitate
223 2632 269 2690 rei
292 2632 429 2709 publicae
452 2631 578 2691 metiar.
603 2631 647 2698 De
669 2648 732 2706 qua
751 2630 843 2702 mihi,
867 2630 1019 2706 quoniam

59 2724 200 2785 liberum
218 2725 267 2781 est
282 2725 434 2799 spatium,
451 2722 593 2782 multum
609 2721 707 2780 etiam
722 2725 817 2796 atque
832 2720 928 2779 etiam
947 2737 1021 2778 con·

61 2811 271 2873 siderandum
283 2816 372 2889 pute,
388 2812 484 2888 idque
497 2810 708 2889 potissimum
722 2809 918 2882 faciendum,
935 2809 1021 2886 quod

59 2901 204 2963 maxime
221 2900 378 2962 interesse
395 2903 441 2961 roi
456 2901 595 2978 publicio
608 2900 767 2977 judicaro.

59 3081 145 3137 Xiil.
167 3112 199 3121 -
220 3102 234 3130 (ι
256 3082 295 3135 ΙΝ
315 3083 350 3135 Μ.
372 3082 583 3136 ΑΝΤΟΝΙΠΜ
610 3081 760 3135 olibrio
785 3078 1019 3133 Prrtbirrica

366 3172 515 3226 TERTIA
535 3171 718 3225 nucius»

97 3297 154 3353 [ies
182 3299 210 3352 le
240 3301 495 3352 commenoement
521 3296 556 3351 de
588 3312 619 3350 oe
646 3296 780 3350 discours
808 3294 856 3363 qui
890 3293 937 3346 n'n
968 3307 1020 3361 pos

59 3379 204 3436 d'Exonnn
217 3383 409 3450 proprement
425 3378 478 3447 dit,
493 3378 615 3432 Ciceron
632 3375 742 3430 aborde
758 3375 817 3429 tres
832 3375 978 3428 rivement
993 3372 1019 3430 le

86 3532 108 3585 1.
125 3532 240 3577 Vereor...
256 3532 402 3587 pertimesco.
418 3532 476 3581 Voir
491 3531 515 3574 la
526 3534 581 3577 note
591 3529 603 3575 1
614 3528 644 3575 dc
652 3528 679 3573 ia
687 3540 715 3591 p.
725 3527 767 3575 bi.
