<?xml version="1.0" encoding="UTF-8"?>
<!DOCTYPE html PUBLIC "-//W3C//DTD XHTML 1.0 Transitional//EN"
    "http://www.w3.org/TR/xhtml1/DTD/xhtml1-transitional.dtd">
<html xmlns="http://www.w3.org/1999/xhtml" xml:lang="en" lang="en">
 <head>
  <title>
</title>
<meta http-equiv="Content-Type" content="text/html;charset=utf-8" />
  <meta name='ocr-system' content='tesseract 3.04.00' />
  <meta name='ocr-capabilities' content='ocr_page ocr_carea ocr_par ocr_line ocrx_word'/>
</head>
<body>
  <div class='ocr_page' id='page_1' title='image "./extraitsetanaly00cicegoog_0322.png"; bbox 0 0 2244 3848; ppageno 0'>
   <div class='ocr_carea' id='block_1_1' title="bbox 421 116 1038 173">
    <p class='ocr_par' dir='ltr' id='par_1_1' title="bbox 421 116 1038 173">
     <span class='ocr_line' id='line_1_1' title="bbox 421 116 1038 173; baseline 0.002 -3"><span class='ocrx_word' id='word_1_1' title='bbox 421 128 474 171; x_wconf 81' lang='lat' dir='ltr'>ms</span> <span class='ocrx_word' id='word_1_2' title='bbox 496 129 699 173; x_wconf 72' lang='lat' dir='ltr'>carrinarum</span> <span class='ocrx_word' id='word_1_3' title='bbox 982 116 1038 171; x_wconf 80' lang='lat' dir='ltr'>:ttll</span> 
     </span>
    </p>
   </div>
   <div class='ocr_carea' id='block_1_2' title="bbox 75 262 1041 880">
    <p class='ocr_par' dir='ltr' id='par_1_2' title="bbox 75 262 1041 880">
     <span class='ocr_line' id='line_1_2' title="bbox 75 262 1037 342; baseline 0.001 -19"><span class='ocrx_word' id='word_1_4' title='bbox 75 281 136 340; x_wconf 83' lang='lat' dir='ltr'>ego</span> <span class='ocrx_word' id='word_1_5' title='bbox 151 266 299 323; x_wconf 89' lang='lat' dir='ltr'>nontam</span> <span class='ocrx_word' id='word_1_6' title='bbox 321 262 444 323; x_wconf 81' lang='lat' dir='ltr'><strong>milites</strong></span> <span class='ocrx_word' id='word_1_7' title='bbox 465 281 567 338; x_wconf 89' lang='lat' dir='ltr'>acres,</span> <span class='ocrx_word' id='word_1_8' title='bbox 584 282 682 342; x_wconf 85' lang='lat' dir='ltr'>quom</span> <span class='ocrx_word' id='word_1_9' title='bbox 703 266 895 324; x_wconf 84' lang='lat' dir='ltr'>infitiatores</span> <span class='ocrx_word' id='word_1_10' title='bbox 914 264 1037 324; x_wconf 89' lang='lat' dir='ltr'>lont0s¹</span> 
     </span>
     <span class='ocr_line' id='line_1_3' title="bbox 76 353 1041 432; baseline 0 -19"><span class='ocrx_word' id='word_1_11' title='bbox 76 370 149 415; x_wconf 88' lang='lat' dir='ltr'>osse</span> <span class='ocrx_word' id='word_1_12' title='bbox 164 353 314 412; x_wconf 85' lang='lat' dir='ltr'>arbitror.</span> <span class='ocrx_word' id='word_1_13' title='bbox 329 353 390 423; x_wconf 86' lang='lat' dir='ltr'>Qui</span> <span class='ocrx_word' id='word_1_14' title='bbox 399 353 549 415; x_wconf 85' lang='lat' dir='ltr'>homines</span> <span class='ocrx_word' id='word_1_15' title='bbox 561 372 659 432; x_wconf 78' lang='lat' dir='ltr'>quam</span> <span class='ocrx_word' id='word_1_16' title='bbox 671 357 826 432; x_wconf 90' lang='lat' dir='ltr'>primum,</span> <span class='ocrx_word' id='word_1_17' title='bbox 840 355 867 413; x_wconf 91' lang='lat' dir='ltr'>si</span> <span class='ocrx_word' id='word_1_18' title='bbox 879 360 963 413; x_wconf 86' lang='lat' dir='ltr'>staro</span> <span class='ocrx_word' id='word_1_19' title='bbox 975 372 1041 413; x_wconf 90' lang='lat' dir='ltr'>non</span> 
     </span>
     <span class='ocr_line' id='line_1_4' title="bbox 76 443 1040 520; baseline 0 -16"><span class='ocrx_word' id='word_1_20' title='bbox 76 447 226 520; x_wconf 83' lang='lat' dir='ltr'><strong>possunt,</strong></span> <span class='ocrx_word' id='word_1_21' title='bbox 243 447 412 517; x_wconf 75' lang='lat' dir='ltr'>corruant,</span> <span class='ocrx_word' id='word_1_22' title='bbox 425 443 482 503; x_wconf 89' lang='lat' dir='ltr'>sed</span> <span class='ocrx_word' id='word_1_23' title='bbox 492 445 544 517; x_wconf 85' lang='lat' dir='ltr'>itu,</span> <span class='ocrx_word' id='word_1_24' title='bbox 557 448 668 505; x_wconf 91' lang='lat' dir='ltr'>utnon</span> <span class='ocrx_word' id='word_1_25' title='bbox 680 445 778 504; x_wconf 75' lang='lat' dir='ltr'>mollo</span> <span class='ocrx_word' id='word_1_26' title='bbox 790 445 914 518; x_wconf 75' lang='lat' dir='ltr'>civitas,</span> <span class='ocrx_word' id='word_1_27' title='bbox 933 444 989 503; x_wconf 71' lang='lat' dir='ltr'>scil</span> <span class='ocrx_word' id='word_1_28' title='bbox 1000 462 1040 504; x_wconf 88' lang='lat' dir='ltr'>ne</span> 
     </span>
     <span class='ocr_line' id='line_1_5' title="bbox 76 532 1040 611; baseline 0.001 -18"><span class='ocrx_word' id='word_1_29' title='bbox 76 534 176 594; x_wconf 82' lang='lat' dir='ltr'>ricini</span> <span class='ocrx_word' id='word_1_30' title='bbox 193 532 327 610; x_wconf 88' lang='lat' dir='ltr'>quidem</span> <span class='ocrx_word' id='word_1_31' title='bbox 343 534 482 611; x_wconf 84' lang='lat' dir='ltr'>proximi</span> <span class='ocrx_word' id='word_1_32' title='bbox 498 535 649 593; x_wconf 79' lang='lat' dir='ltr'>sentiant.</span> <span class='ocrx_word' id='word_1_33' title='bbox 665 537 745 593; x_wconf 89' lang='lat' dir='ltr'>Nam</span> <span class='ocrx_word' id='word_1_34' title='bbox 763 534 840 594; x_wconf 88' lang='lat' dir='ltr'>illud</span> <span class='ocrx_word' id='word_1_35' title='bbox 862 552 927 593; x_wconf 88' lang='lat' dir='ltr'>non</span> <span class='ocrx_word' id='word_1_36' title='bbox 946 535 1040 594; x_wconf 84' lang='lat' dir='ltr'>intol-</span> 
     </span>
     <span class='ocr_line' id='line_1_6' title="bbox 76 623 1038 701; baseline 0 -18"><span class='ocrx_word' id='word_1_37' title='bbox 76 625 160 701; x_wconf 85' lang='lat' dir='ltr'>lag0,</span> <span class='ocrx_word' id='word_1_38' title='bbox 190 640 288 700; x_wconf 91' lang='lat' dir='ltr'>quam</span> <span class='ocrx_word' id='word_1_39' title='bbox 322 623 362 682; x_wconf 88' lang='lat' dir='ltr'>oh</span> <span class='ocrx_word' id='word_1_40' title='bbox 388 639 457 683; x_wconf 85' lang='lat' dir='ltr'>ram</span> <span class='ocrx_word' id='word_1_41' title='bbox 479 625 506 683; x_wconf 93' lang='lat' dir='ltr'>si</span> <span class='ocrx_word' id='word_1_42' title='bbox 525 625 632 683; x_wconf 81' lang='lat' dir='ltr'>vivore</span> <span class='ocrx_word' id='word_1_43' title='bbox 648 625 786 684; x_wconf 83' lang='lat' dir='ltr'>honeste</span> <span class='ocrx_word' id='word_1_44' title='bbox 804 642 870 682; x_wconf 90' lang='lat' dir='ltr'>non</span> <span class='ocrx_word' id='word_1_45' title='bbox 889 630 1038 700; x_wconf 75' lang='lat' dir='ltr'>possunt,</span> 
     </span>
     <span class='ocr_line' id='line_1_7' title="bbox 76 712 1040 794; baseline 0 -21"><span class='ocrx_word' id='word_1_46' title='bbox 76 715 182 794; x_wconf 86' lang='lat' dir='ltr'>perire</span> <span class='ocrx_word' id='word_1_47' title='bbox 198 713 337 790; x_wconf 83' lang='lat' dir='ltr'>turpiter</span> <span class='ocrx_word' id='word_1_48' title='bbox 346 712 461 782; x_wconf 82' lang='lat' dir='ltr'>velint,</span> <span class='ocrx_word' id='word_1_49' title='bbox 473 717 529 774; x_wconf 87' lang='lat' dir='ltr'>aut</span> <span class='ocrx_word' id='word_1_50' title='bbox 544 732 601 774; x_wconf 89' lang='lat' dir='ltr'>cur</span> <span class='ocrx_word' id='word_1_51' title='bbox 612 715 737 774; x_wconf 89' lang='lat' dir='ltr'>minore</span> <span class='ocrx_word' id='word_1_52' title='bbox 751 714 861 774; x_wconf 86' lang='lat' dir='ltr'>dolore</span> <span class='ocrx_word' id='word_1_53' title='bbox 877 714 1040 791; x_wconf 77' lang='lat' dir='ltr'>perituros</span> 
     </span>
     <span class='ocr_line' id='line_1_8' title="bbox 77 802 957 880; baseline -0.003 -16"><span class='ocrx_word' id='word_1_54' title='bbox 77 818 205 864; x_wconf 86' lang='lat' dir='ltr'>secum</span> <span class='ocrx_word' id='word_1_55' title='bbox 217 802 343 877; x_wconf 86' lang='lat' dir='ltr'>multis,</span> <span class='ocrx_word' id='word_1_56' title='bbox 359 802 499 880; x_wconf 87' lang='lat' dir='ltr'>quamsi</span> <span class='ocrx_word' id='word_1_57' title='bbox 515 803 576 862; x_wconf 91' lang='lat' dir='ltr'>soli</span> <span class='ocrx_word' id='word_1_58' title='bbox 593 804 736 880; x_wconf 85' lang='lat' dir='ltr'>pereant,</span> <span class='ocrx_word' id='word_1_59' title='bbox 752 802 957 863; x_wconf 75' lang='lat' dir='ltr'>arbitrentur.</span> 
     </span>
    </p>
   </div>
   <div class='ocr_carea' id='block_1_3' title="bbox 76 909 1042 3053">
    <p class='ocr_par' dir='ltr' id='par_1_3' title="bbox 76 909 1040 1344">
     <span class='ocr_line' id='line_1_9' title="bbox 115 909 1037 989; baseline 0.007 -20"><span class='ocrx_word' id='word_1_60' title='bbox 115 912 166 970; x_wconf 72' lang='grc'>22.</span> <span class='ocrx_word' id='word_1_61' title='bbox 191 909 347 982; x_wconf 88' lang='lat' dir='ltr'>Quintum</span> <span class='ocrx_word' id='word_1_62' title='bbox 368 927 470 989; x_wconf 84' lang='lat' dir='ltr'>genus</span> <span class='ocrx_word' id='word_1_63' title='bbox 489 915 538 970; x_wconf 86' lang='lat' dir='ltr'>est</span> <span class='ocrx_word' id='word_1_64' title='bbox 553 911 799 988; x_wconf 88' lang='lat' dir='ltr'>parricidarum,</span> <span class='ocrx_word' id='word_1_65' title='bbox 817 910 1037 975; x_wconf 59' lang='lat' dir='ltr'>sicariorum¹³</span> 
     </span>
     <span class='ocr_line' id='line_1_10' title="bbox 77 999 1040 1078; baseline -0.001 -18"><span class='ocrx_word' id='word_1_66' title='bbox 77 1000 218 1076; x_wconf 86' lang='lat' dir='ltr'>donique</span> <span class='ocrx_word' id='word_1_67' title='bbox 233 1000 383 1063; x_wconf 88' lang='lat' dir='ltr'>omnium</span> <span class='ocrx_word' id='word_1_68' title='bbox 396 999 667 1060; x_wconf 79' lang='lat' dir='ltr'>facinorosorum.</span> <span class='ocrx_word' id='word_1_69' title='bbox 685 1002 771 1072; x_wconf 87' lang='lat' dir='ltr'>Quos</span> <span class='ocrx_word' id='word_1_70' title='bbox 788 1018 847 1078; x_wconf 80' lang='lat' dir='ltr'>ego</span> <span class='ocrx_word' id='word_1_71' title='bbox 866 1019 884 1059; x_wconf 91' lang='lat' dir='ltr'>a</span> <span class='ocrx_word' id='word_1_72' title='bbox 905 999 1040 1060; x_wconf 85' lang='lat' dir='ltr'>Catilina</span> 
     </span>
     <span class='ocr_line' id='line_1_11' title="bbox 76 1087 1040 1166; baseline -0.003 -16"><span class='ocrx_word' id='word_1_73' title='bbox 76 1107 144 1150; x_wconf 90' lang='lat' dir='ltr'>non</span> <span class='ocrx_word' id='word_1_74' title='bbox 169 1106 305 1159; x_wconf 85' lang='lat' dir='ltr'>revoc0;</span> <span class='ocrx_word' id='word_1_75' title='bbox 333 1107 409 1150; x_wconf 88' lang='lat' dir='ltr'>nam</span> <span class='ocrx_word' id='word_1_76' title='bbox 435 1106 540 1166; x_wconf 83' lang='lat' dir='ltr'>neque</span> <span class='ocrx_word' id='word_1_77' title='bbox 570 1090 609 1149; x_wconf 88' lang='lat' dir='ltr'>ab</span> <span class='ocrx_word' id='word_1_78' title='bbox 637 1107 675 1148; x_wconf 89' lang='lat' dir='ltr'>eo</span> <span class='ocrx_word' id='word_1_79' title='bbox 702 1090 811 1150; x_wconf 89' lang='lat' dir='ltr'>divelli</span> <span class='ocrx_word' id='word_1_80' title='bbox 841 1094 978 1166; x_wconf 84' lang='lat' dir='ltr'>possunt</span> <span class='ocrx_word' id='word_1_81' title='bbox 1009 1087 1040 1147; x_wconf 76' lang='lat' dir='ltr'>ei</span> 
     </span>
     <span class='ocr_line' id='line_1_12' title="bbox 76 1179 1040 1257; baseline -0.003 -18"><span class='ocrx_word' id='word_1_82' title='bbox 76 1182 212 1257; x_wconf 84' lang='lat' dir='ltr'>pereant</span> <span class='ocrx_word' id='word_1_83' title='bbox 225 1195 302 1238; x_wconf 89' lang='lat' dir='ltr'>sane</span> <span class='ocrx_word' id='word_1_84' title='bbox 316 1179 350 1237; x_wconf 91' lang='lat' dir='ltr'>in</span> <span class='ocrx_word' id='word_1_85' title='bbox 361 1179 542 1254; x_wconf 89' lang='lat' dir='ltr'>latrocinio,</span> <span class='ocrx_word' id='word_1_86' title='bbox 563 1179 719 1256; x_wconf 74' lang='lat' dir='ltr'>quioniam</span> <span class='ocrx_word' id='word_1_87' title='bbox 734 1182 810 1238; x_wconf 90' lang='lat' dir='ltr'>sunt</span> <span class='ocrx_word' id='word_1_88' title='bbox 823 1179 865 1237; x_wconf 83' lang='lat' dir='ltr'>ita</span> <span class='ocrx_word' id='word_1_89' title='bbox 881 1179 987 1251; x_wconf 88' lang='lat' dir='ltr'>multi,</span> <span class='ocrx_word' id='word_1_90' title='bbox 1005 1182 1040 1236; x_wconf 92' lang='lat' dir='ltr'>ut</span> 
     </span>
     <span class='ocr_line' id='line_1_13' title="bbox 77 1268 604 1344; baseline -0.004 -17"><span class='ocrx_word' id='word_1_91' title='bbox 77 1284 134 1327; x_wconf 85' lang='lat' dir='ltr'>cos</span> <span class='ocrx_word' id='word_1_92' title='bbox 149 1283 261 1327; x_wconf 88' lang='lat' dir='ltr'>carcer</span> <span class='ocrx_word' id='word_1_93' title='bbox 275 1284 391 1344; x_wconf 83' lang='lat' dir='ltr'>capere</span> <span class='ocrx_word' id='word_1_94' title='bbox 405 1285 472 1326; x_wconf 90' lang='lat' dir='ltr'>non</span> <span class='ocrx_word' id='word_1_95' title='bbox 491 1268 604 1344; x_wconf 82' lang='lat' dir='ltr'>possit.</span> 
     </span>
    </p>

    <p class='ocr_par' dir='ltr' id='par_1_4' title="bbox 76 1356 1042 3053">
     <span class='ocr_line' id='line_1_14' title="bbox 117 1356 1039 1433; baseline -0.001 -17"><span class='ocrx_word' id='word_1_96' title='bbox 117 1359 326 1416; x_wconf 88' lang='lat' dir='ltr'>Postremum</span> <span class='ocrx_word' id='word_1_97' title='bbox 339 1362 447 1416; x_wconf 83' lang='lat' dir='ltr'>autem</span> <span class='ocrx_word' id='word_1_98' title='bbox 470 1374 573 1433; x_wconf 82' lang='lat' dir='ltr'>genus</span> <span class='ocrx_word' id='word_1_99' title='bbox 590 1360 650 1430; x_wconf 80' lang='lat' dir='ltr'>cst,</span> <span class='ocrx_word' id='word_1_100' title='bbox 671 1374 739 1415; x_wconf 90' lang='lat' dir='ltr'>non</span> <span class='ocrx_word' id='word_1_101' title='bbox 764 1356 883 1430; x_wconf 90' lang='lat' dir='ltr'>solum,</span> <span class='ocrx_word' id='word_1_102' title='bbox 901 1373 1039 1415; x_wconf 84' lang='lat' dir='ltr'>nurnero</span> 
     </span>
     <span class='ocr_line' id='line_1_15' title="bbox 76 1445 1042 1524; baseline -0.004 -17"><span class='ocrx_word' id='word_1_103' title='bbox 76 1464 194 1507; x_wconf 80' lang='lat' dir='ltr'>rerum</span> <span class='ocrx_word' id='word_1_104' title='bbox 211 1447 311 1506; x_wconf 88' lang='lat' dir='ltr'>eliam</span> <span class='ocrx_word' id='word_1_105' title='bbox 328 1458 445 1522; x_wconf 78' lang='lat' dir='ltr'>genere</span> <span class='ocrx_word' id='word_1_106' title='bbox 470 1447 542 1524; x_wconf 87' lang='lat' dir='ltr'>ipso</span> <span class='ocrx_word' id='word_1_107' title='bbox 561 1450 656 1524; x_wconf 87' lang='lat' dir='ltr'>atque</span> <span class='ocrx_word' id='word_1_108' title='bbox 673 1447 749 1516; x_wconf 89' lang='lat' dir='ltr'>vita,</span> <span class='ocrx_word' id='word_1_109' title='bbox 767 1445 854 1523; x_wconf 87' lang='lat' dir='ltr'>quod</span> <span class='ocrx_word' id='word_1_110' title='bbox 874 1445 1042 1523; x_wconf 89' lang='lat' dir='ltr'>proprium</span> 
     </span>
     <span class='ocr_line' id='line_1_16' title="bbox 78 1535 1041 1613; baseline -0.003 -16"><span class='ocrx_word' id='word_1_111' title='bbox 78 1536 236 1609; x_wconf 76' lang='lat' dir='ltr'>Catilina,</span> <span class='ocrx_word' id='word_1_112' title='bbox 251 1538 298 1595; x_wconf 90' lang='lat' dir='ltr'>est</span> <span class='ocrx_word' id='word_1_113' title='bbox 312 1536 351 1596; x_wconf 81' lang='lat' dir='ltr'>de</span> <span class='ocrx_word' id='word_1_114' title='bbox 363 1537 433 1613; x_wconf 87' lang='lat' dir='ltr'>ejus</span> <span class='ocrx_word' id='word_1_115' title='bbox 445 1537 564 1597; x_wconf 74' lang='lat' dir='ltr'>dilectu</span> <span class='ocrx_word' id='word_1_116' title='bbox 576 1536 598 1610; x_wconf 78' lang='lat'>³,</span> <span class='ocrx_word' id='word_1_117' title='bbox 613 1536 714 1596; x_wconf 88' lang='lat' dir='ltr'>inuno</span> <span class='ocrx_word' id='word_1_118' title='bbox 724 1554 800 1595; x_wconf 86' lang='lat' dir='ltr'>voro</span> <span class='ocrx_word' id='word_1_119' title='bbox 813 1535 851 1596; x_wconf 89' lang='lat' dir='ltr'>de</span> <span class='ocrx_word' id='word_1_120' title='bbox 868 1536 1041 1611; x_wconf 79' lang='lat' dir='ltr'>complexu</span> 
     </span>
     <span class='ocr_line' id='line_1_17' title="bbox 78 1625 1041 1705; baseline -0.003 -18"><span class='ocrx_word' id='word_1_121' title='bbox 78 1629 151 1705; x_wconf 84' lang='lat' dir='ltr'>ojus</span> <span class='ocrx_word' id='word_1_122' title='bbox 173 1644 210 1686; x_wconf 89' lang='lat' dir='ltr'>ac</span> <span class='ocrx_word' id='word_1_123' title='bbox 235 1628 325 1697; x_wconf 75' lang='lat' dir='ltr'>sinu3</span> <span class='ocrx_word' id='word_1_124' title='bbox 340 1644 422 1703; x_wconf 81' lang='lat' dir='ltr'>qrros</span> <span class='ocrx_word' id='word_1_125' title='bbox 447 1644 530 1704; x_wconf 79' lang='lat' dir='ltr'>pexo</span> <span class='ocrx_word' id='word_1_126' title='bbox 555 1625 1041 1703; x_wconf 77' lang='lat' dir='ltr'>capi110,nit.idOS,autimber-</span> 
     </span>
     <span class='ocr_line' id='line_1_18' title="bbox 78 1714 1040 1792; baseline -0.005 -14"><span class='ocrx_word' id='word_1_127' title='bbox 78 1719 147 1792; x_wconf 89' lang='lat' dir='ltr'>bes,</span> <span class='ocrx_word' id='word_1_128' title='bbox 160 1722 216 1778; x_wconf 88' lang='lat' dir='ltr'>aut</span> <span class='ocrx_word' id='word_1_129' title='bbox 230 1718 311 1776; x_wconf 87' lang='lat' dir='ltr'>bene</span> <span class='ocrx_word' id='word_1_130' title='bbox 325 1717 476 1776; x_wconf 89' lang='lat' dir='ltr'>barbatos</span> <span class='ocrx_word' id='word_1_131' title='bbox 488 1717 498 1751; x_wconf 73' lang='lat'>⁴</span> <span class='ocrx_word' id='word_1_132' title='bbox 516 1716 643 1789; x_wconf 69' lang='lat' dir='ltr'>videtis</span> <span class='ocrx_word' id='word_1_133' title='bbox 657 1714 828 1776; x_wconf 86' lang='lat' dir='ltr'>manicatis</span> <span class='ocrx_word' id='word_1_134' title='bbox 840 1721 871 1776; x_wconf 86' lang='lat' dir='ltr'>et</span> <span class='ocrx_word' id='word_1_135' title='bbox 886 1714 1040 1777; x_wconf 86' lang='lat' dir='ltr'>talaribus</span> 
     </span>
     <span class='ocr_line' id='line_1_19' title="bbox 80 1804 1040 1883; baseline -0.006 -16"><span class='ocrx_word' id='word_1_136' title='bbox 80 1804 234 1881; x_wconf 81' lang='lat' dir='ltr'>tunicis⁵,</span> <span class='ocrx_word' id='word_1_137' title='bbox 258 1804 341 1866; x_wconf 90' lang='lat' dir='ltr'>velis</span> <span class='ocrx_word' id='word_1_138' title='bbox 369 1806 517 1874; x_wconf 86' lang='lat' dir='ltr'>amictos,</span> <span class='ocrx_word' id='word_1_139' title='bbox 545 1824 612 1865; x_wconf 90' lang='lat' dir='ltr'>non</span> <span class='ocrx_word' id='word_1_140' title='bbox 640 1807 741 1883; x_wconf 78' lang='lat' dir='ltr'>togis3</span> <span class='ocrx_word' id='word_1_141' title='bbox 768 1823 907 1883; x_wconf 87' lang='lat' dir='ltr'>quorum</span> <span class='ocrx_word' id='word_1_142' title='bbox 933 1804 1040 1864; x_wconf 90' lang='lat' dir='ltr'>omnis</span> 
     </span>
     <span class='ocr_line' id='line_1_20' title="bbox 79 1893 1039 1972; baseline -0.003 -16"><span class='ocrx_word' id='word_1_143' title='bbox 79 1896 240 1956; x_wconf 86' lang='lat' dir='ltr'>industria</span> <span class='ocrx_word' id='word_1_144' title='bbox 254 1896 339 1969; x_wconf 74' lang='lat' dir='ltr'>vitae,</span> <span class='ocrx_word' id='word_1_145' title='bbox 357 1900 388 1955; x_wconf 90' lang='lat' dir='ltr'>at</span> <span class='ocrx_word' id='word_1_146' title='bbox 400 1895 553 1972; x_wconf 79' lang='lat' dir='ltr'>vigilandi</span> <span class='ocrx_word' id='word_1_147' title='bbox 573 1896 663 1956; x_wconf 88' lang='lat' dir='ltr'>labor</span> <span class='ocrx_word' id='word_1_148' title='bbox 684 1896 717 1956; x_wconf 88' lang='lat' dir='ltr'>in</span> <span class='ocrx_word' id='word_1_149' title='bbox 732 1895 933 1957; x_wconf 78' lang='lat' dir='ltr'>antelucanis</span> <span class='ocrx_word' id='word_1_150' title='bbox 949 1893 1039 1955; x_wconf 88' lang='lat' dir='ltr'>cenis</span> 
     </span>
     <span class='ocr_line' id='line_1_21' title="bbox 79 1985 1038 2064; baseline -0.005 -18"><span class='ocrx_word' id='word_1_151' title='bbox 79 1986 291 2063; x_wconf 81' lang='lat' dir='ltr'>expromitur.</span> <span class='ocrx_word' id='word_1_152' title='bbox 316 1987 365 2045; x_wconf 64' lang='lat'>23.</span> <span class='ocrx_word' id='word_1_153' title='bbox 393 1987 429 2045; x_wconf 90' lang='lat' dir='ltr'>ln</span> <span class='ocrx_word' id='word_1_154' title='bbox 457 1986 508 2044; x_wconf 86' lang='lat' dir='ltr'>his</span> <span class='ocrx_word' id='word_1_155' title='bbox 537 1986 690 2064; x_wconf 82' lang='lat' dir='ltr'>gregibus</span> <span class='ocrx_word' id='word_1_156' title='bbox 720 2003 834 2045; x_wconf 77' lang='lat' dir='ltr'>omnus</span> <span class='ocrx_word' id='word_1_157' title='bbox 871 1985 1038 2055; x_wconf 86' lang='lat' dir='ltr'>aleatores,</span> 
     </span>
     <span class='ocr_line' id='line_1_22' title="bbox 79 2074 1038 2154; baseline -0.002 -19"><span class='ocrx_word' id='word_1_158' title='bbox 79 2092 196 2137; x_wconf 88' lang='lat' dir='ltr'>omnes</span> <span class='ocrx_word' id='word_1_159' title='bbox 209 2074 360 2150; x_wconf 79' lang='lat' dir='ltr'>adrrltari,</span> <span class='ocrx_word' id='word_1_160' title='bbox 371 2092 485 2136; x_wconf 84' lang='lat' dir='ltr'>omnes</span> <span class='ocrx_word' id='word_1_161' title='bbox 496 2075 616 2154; x_wconf 92' lang='lat' dir='ltr'>impuri</span> <span class='ocrx_word' id='word_1_162' title='bbox 626 2074 848 2154; x_wconf 80' lang='lat' dir='ltr'>impudicique</span> <span class='ocrx_word' id='word_1_163' title='bbox 857 2077 1038 2133; x_wconf 81' lang='lat' dir='ltr'>versantur.</span> 
     </span>
     <span class='ocr_line' id='line_1_23' title="bbox 80 2162 1042 2245; baseline -0.008 -18"><span class='ocrx_word' id='word_1_164' title='bbox 80 2167 117 2227; x_wconf 91' lang='lat' dir='ltr'>Hi</span> <span class='ocrx_word' id='word_1_165' title='bbox 132 2166 227 2245; x_wconf 89' lang='lat' dir='ltr'>pueri</span> <span class='ocrx_word' id='word_1_166' title='bbox 245 2171 313 2225; x_wconf 89' lang='lat' dir='ltr'>tam</span> <span class='ocrx_word' id='word_1_167' title='bbox 338 2165 436 2244; x_wconf 92' lang='lat' dir='ltr'>lepidi</span> <span class='ocrx_word' id='word_1_168' title='bbox 456 2183 492 2226; x_wconf 89' lang='lat' dir='ltr'>ac</span> <span class='ocrx_word' id='word_1_169' title='bbox 520 2165 659 2236; x_wconf 86' lang='lat' dir='ltr'>delicati,</span> <span class='ocrx_word' id='word_1_170' title='bbox 675 2183 739 2224; x_wconf 91' lang='lat' dir='ltr'>non</span> <span class='ocrx_word' id='word_1_171' title='bbox 759 2165 866 2223; x_wconf 87' lang='lat' dir='ltr'>solum</span> <span class='ocrx_word' id='word_1_172' title='bbox 882 2179 990 2221; x_wconf 87' lang='lat' dir='ltr'>amare</span> <span class='ocrx_word' id='word_1_173' title='bbox 1011 2162 1042 2219; x_wconf 90' lang='lat' dir='ltr'>et</span> 
     </span>
     <span class='ocr_line' id='line_1_24' title="bbox 79 2251 1042 2333; baseline -0.008 -17"><span class='ocrx_word' id='word_1_174' title='bbox 79 2257 195 2332; x_wconf 87' lang='lat' dir='ltr'>amari,</span> <span class='ocrx_word' id='word_1_175' title='bbox 228 2272 332 2333; x_wconf 90' lang='lat' dir='ltr'>neque</span> <span class='ocrx_word' id='word_1_176' title='bbox 358 2256 473 2314; x_wconf 86' lang='lat' dir='ltr'>saltam</span> <span class='ocrx_word' id='word_1_177' title='bbox 507 2259 538 2314; x_wconf 85' lang='lat' dir='ltr'>et</span> <span class='ocrx_word' id='word_1_178' title='bbox 565 2258 704 2325; x_wconf 86' lang='lat' dir='ltr'>cantare,</span> <span class='ocrx_word' id='word_1_179' title='bbox 736 2253 793 2312; x_wconf 88' lang='lat' dir='ltr'>sed</span> <span class='ocrx_word' id='word_1_180' title='bbox 824 2252 923 2312; x_wconf 86' lang='lat' dir='ltr'>ctiam</span> <span class='ocrx_word' id='word_1_181' title='bbox 957 2251 1042 2310; x_wconf 87' lang='lat' dir='ltr'>sicas</span> 
     </span>
     <span class='ocr_line' id='line_1_25' title="bbox 78 2340 1041 2422; baseline -0.008 -16"><span class='ocrx_word' id='word_1_182' title='bbox 78 2346 218 2417; x_wconf 88' lang='lat' dir='ltr'>vibrare,</span> <span class='ocrx_word' id='word_1_183' title='bbox 250 2348 282 2404; x_wconf 88' lang='lat' dir='ltr'>ct</span> <span class='ocrx_word' id='word_1_184' title='bbox 316 2360 466 2422; x_wconf 85' lang='lat' dir='ltr'>spargere</span> <span class='ocrx_word' id='word_1_185' title='bbox 502 2360 625 2403; x_wconf 84' lang='lat' dir='ltr'>venena</span> <span class='ocrx_word' id='word_1_186' title='bbox 660 2342 853 2402; x_wconf 85' lang='lat' dir='ltr'>didicerunt.</span> <span class='ocrx_word' id='word_1_187' title='bbox 884 2340 943 2412; x_wconf 86' lang='lat' dir='ltr'>Qui</span> <span class='ocrx_word' id='word_1_188' title='bbox 977 2340 1041 2399; x_wconf 92' lang='lat' dir='ltr'>nisi</span> 
     </span>
     <span class='ocr_line' id='line_1_26' title="bbox 80 2431 1041 2511; baseline -0.008 -15"><span class='ocrx_word' id='word_1_189' title='bbox 80 2439 210 2506; x_wconf 85' lang='lat' dir='ltr'>exeunt,</span> <span class='ocrx_word' id='word_1_190' title='bbox 231 2432 295 2493; x_wconf 90' lang='lat' dir='ltr'>nisi</span> <span class='ocrx_word' id='word_1_191' title='bbox 304 2437 451 2511; x_wconf 88' lang='lat' dir='ltr'>pereunt,</span> <span class='ocrx_word' id='word_1_192' title='bbox 465 2434 562 2493; x_wconf 79' lang='lat' dir='ltr'>etiam</span> <span class='ocrx_word' id='word_1_193' title='bbox 578 2432 605 2491; x_wconf 92' lang='lat' dir='ltr'>si</span> <span class='ocrx_word' id='word_1_194' title='bbox 622 2431 755 2492; x_wconf 85' lang='lat' dir='ltr'>Catilina</span> <span class='ocrx_word' id='word_1_195' title='bbox 770 2431 914 2508; x_wconf 86' lang='lat' dir='ltr'>perierit,</span> <span class='ocrx_word' id='word_1_196' title='bbox 928 2431 1041 2490; x_wconf 86' lang='lat' dir='ltr'>scitote</span> 
     </span>
     <span class='ocr_line' id='line_1_27' title="bbox 79 2519 1038 2601; baseline -0.007 -16"><span class='ocrx_word' id='word_1_197' title='bbox 79 2526 141 2585; x_wconf 91' lang='lat' dir='ltr'>hoc</span> <span class='ocrx_word' id='word_1_198' title='bbox 154 2525 188 2584; x_wconf 88' lang='lat' dir='ltr'>in</span> <span class='ocrx_word' id='word_1_199' title='bbox 200 2541 234 2583; x_wconf 90' lang='lat' dir='ltr'>re</span> <span class='ocrx_word' id='word_1_200' title='bbox 247 2523 376 2601; x_wconf 88' lang='lat' dir='ltr'>publica</span> <span class='ocrx_word' id='word_1_201' title='bbox 390 2523 604 2582; x_wconf 88' lang='lat' dir='ltr'>seminarium</span> <span class='ocrx_word' id='word_1_202' title='bbox 616 2520 626 2552; x_wconf 79' lang='lat'>⁶</span> <span class='ocrx_word' id='word_1_203' title='bbox 641 2521 866 2580; x_wconf 85' lang='lat' dir='ltr'>Catilinarium</span> <span class='ocrx_word' id='word_1_204' title='bbox 879 2519 1038 2578; x_wconf 87' lang='lat' dir='ltr'>futurum.</span> 
     </span>
     <span class='ocr_line' id='line_1_28' title="bbox 79 2609 1040 2691; baseline -0.01 -14"><span class='ocrx_word' id='word_1_205' title='bbox 79 2616 313 2677; x_wconf 84' lang='lat' dir='ltr'>Verumtamen</span> <span class='ocrx_word' id='word_1_206' title='bbox 333 2612 410 2691; x_wconf 88' lang='lat' dir='ltr'>quid</span> <span class='ocrx_word' id='word_1_207' title='bbox 431 2613 493 2672; x_wconf 84' lang='lat' dir='ltr'>sibi</span> <span class='ocrx_word' id='word_1_208' title='bbox 508 2612 562 2672; x_wconf 91' lang='lat' dir='ltr'>isti</span> <span class='ocrx_word' id='word_1_209' title='bbox 582 2612 694 2672; x_wconf 86' lang='lat' dir='ltr'>miseri</span> <span class='ocrx_word' id='word_1_210' title='bbox 716 2609 849 2670; x_wconf 73' lang='lat' dir='ltr'>volunt?</span> <span class='ocrx_word' id='word_1_211' title='bbox 865 2626 944 2668; x_wconf 89' lang='lat' dir='ltr'>num</span> <span class='ocrx_word' id='word_1_212' title='bbox 964 2625 1040 2668; x_wconf 89' lang='lat' dir='ltr'>suas</span> 
     </span>
     <span class='ocr_line' id='line_1_29' title="bbox 79 2696 1041 2769; baseline -0.01 -3"><span class='ocrx_word' id='word_1_213' title='bbox 79 2723 194 2766; x_wconf 86' lang='lat' dir='ltr'>seeum</span> <span class='ocrx_word' id='word_1_214' title='bbox 211 2702 422 2763; x_wconf 87' lang='lat' dir='ltr'>mulierculas</span> <span class='ocrx_word' id='word_1_215' title='bbox 445 2706 521 2761; x_wconf 89' lang='lat' dir='ltr'>sunt</span> <span class='ocrx_word' id='word_1_216' title='bbox 536 2703 569 2761; x_wconf 90' lang='lat' dir='ltr'>in</span> <span class='ocrx_word' id='word_1_217' title='bbox 591 2705 697 2761; x_wconf 89' lang='lat' dir='ltr'>castra</span> <span class='ocrx_word' id='word_1_218' title='bbox 712 2698 862 2760; x_wconf 73' lang='lat' dir='ltr'>ducturi?</span> <span class='ocrx_word' id='word_1_219' title='bbox 876 2699 979 2769; x_wconf 87' lang='lat' dir='ltr'>Quam</span> <span class='ocrx_word' id='word_1_220' title='bbox 1002 2696 1041 2756; x_wconf 88' lang='lat' dir='ltr'>ad</span> 
     </span>
     <span class='ocr_line' id='line_1_30' title="bbox 78 2788 1041 2869; baseline -0.01 -14"><span class='ocrx_word' id='word_1_221' title='bbox 78 2792 217 2855; x_wconf 86' lang='lat' dir='ltr'>modurn</span> <span class='ocrx_word' id='word_1_222' title='bbox 230 2796 338 2853; x_wconf 73' lang='lat' dir='ltr'>atatem</span> <span class='ocrx_word' id='word_1_223' title='bbox 349 2791 414 2852; x_wconf 90' lang='lat' dir='ltr'>illis</span> <span class='ocrx_word' id='word_1_224' title='bbox 427 2809 533 2852; x_wconf 88' lang='lat' dir='ltr'>carere</span> <span class='ocrx_word' id='word_1_225' title='bbox 543 2794 707 2869; x_wconf 87' lang='lat' dir='ltr'>poterunt,</span> <span class='ocrx_word' id='word_1_226' title='bbox 718 2789 770 2850; x_wconf 92' lang='lat' dir='ltr'>his</span> <span class='ocrx_word' id='word_1_227' title='bbox 782 2788 963 2867; x_wconf 72' lang='lat' dir='ltr'>prasertim</span> <span class='ocrx_word' id='word_1_228' title='bbox 971 2788 1041 2863; x_wconf 88' lang='lat' dir='ltr'>jam</span> 
     </span>
     <span class='ocr_line' id='line_1_31' title="bbox 79 2876 1040 2959; baseline -0.01 -15"><span class='ocrx_word' id='word_1_229' title='bbox 79 2882 254 2945; x_wconf 75' lang='lat' dir='ltr'>noctibus?</span> <span class='ocrx_word' id='word_1_230' title='bbox 265 2884 334 2954; x_wconf 85' lang='lat' dir='ltr'>Quo</span> <span class='ocrx_word' id='word_1_231' title='bbox 346 2886 454 2942; x_wconf 87' lang='lat' dir='ltr'>autom</span> <span class='ocrx_word' id='word_1_232' title='bbox 463 2886 557 2959; x_wconf 87' lang='lat' dir='ltr'>pacto</span> <span class='ocrx_word' id='word_1_233' title='bbox 572 2880 617 2940; x_wconf 90' lang='lat' dir='ltr'>illi</span> <span class='ocrx_word' id='word_1_234' title='bbox 629 2880 847 2958; x_wconf 75' lang='lat' dir='ltr'>Apenninum,</span> <span class='ocrx_word' id='word_1_235' title='bbox 861 2882 956 2954; x_wconf 86' lang='lat' dir='ltr'>atque</span> <span class='ocrx_word' id='word_1_236' title='bbox 970 2876 1040 2935; x_wconf 89' lang='lat' dir='ltr'>illas</span> 
     </span>
     <span class='ocr_line' id='line_1_32' title="bbox 78 2965 1040 3053; baseline -0.011 -18"><span class='ocrx_word' id='word_1_237' title='bbox 78 2974 215 3053; x_wconf 87' lang='lat' dir='ltr'>pruinas</span> <span class='ocrx_word' id='word_1_238' title='bbox 241 2990 279 3033; x_wconf 90' lang='lat' dir='ltr'>ac</span> <span class='ocrx_word' id='word_1_239' title='bbox 300 2972 391 3032; x_wconf 90' lang='lat' dir='ltr'>nives</span> <span class='ocrx_word' id='word_1_240' title='bbox 409 2970 594 3049; x_wconf 73' lang='lat' dir='ltr'>perforant?</span> <span class='ocrx_word' id='word_1_241' title='bbox 618 2970 683 3029; x_wconf 90' lang='lat' dir='ltr'>nisi</span> <span class='ocrx_word' id='word_1_242' title='bbox 715 2968 835 3029; x_wconf 84' lang='lat' dir='ltr'>idcirco</span> <span class='ocrx_word' id='word_1_243' title='bbox 852 2983 886 3026; x_wconf 81' lang='lat' dir='ltr'>sa</span> <span class='ocrx_word' id='word_1_244' title='bbox 914 2965 1040 3026; x_wconf 82' lang='lat' dir='ltr'>facilius</span> 
     </span>
    </p>
   </div>
   <div class='ocr_carea' id='block_1_4' title="bbox 80 3140 1043 3473">
    <p class='ocr_par' dir='ltr' id='par_1_5' title="bbox 80 3140 1043 3258">
     <span class='ocr_line' id='line_1_33' title="bbox 106 3140 1043 3206; baseline -0.012 -13"><span class='ocrx_word' id='word_1_245' title='bbox 106 3153 127 3199; x_wconf 82' lang='lat'>1.</span> <span class='ocrx_word' id='word_1_246' title='bbox 146 3151 289 3206; x_wconf 78' lang='lat' dir='ltr'>Infitiotorer</span> <span class='ocrx_word' id='word_1_247' title='bbox 305 3149 383 3190; x_wconf 76' lang='lat' dir='ltr'>lentos.</span> <span class='ocrx_word' id='word_1_248' title='bbox 406 3149 452 3190; x_wconf 76' lang='lat' dir='ltr'>llos</span> <span class='ocrx_word' id='word_1_249' title='bbox 474 3158 533 3203; x_wconf 66' lang='lat' dir='ltr'>gens</span> <span class='ocrx_word' id='word_1_250' title='bbox 614 3146 636 3189; x_wconf 82' lang='lat' dir='ltr'>l.</span> <span class='ocrx_word' id='word_1_251' title='bbox 654 3146 774 3187; x_wconf 71' lang='lat' dir='ltr'>luo-totos.</span> <span class='ocrx_word' id='word_1_252' title='bbox 786 3140 1043 3204; x_wconf 70' lang='lat' dir='ltr'>V,lan.2llelap.lt16.</span> 
     </span>
     <span class='ocr_line' id='line_1_34' title="bbox 80 3195 1041 3258; baseline -0.015 -6"><span class='ocrx_word' id='word_1_253' title='bbox 80 3205 232 3251; x_wconf 84' lang='lat' dir='ltr'>insauciants</span> <span class='ocrx_word' id='word_1_254' title='bbox 246 3204 287 3258; x_wconf 80' lang='lat' dir='ltr'>qui</span> <span class='ocrx_word' id='word_1_255' title='bbox 298 3203 364 3245; x_wconf 87' lang='lat' dir='ltr'>nient</span> <span class='ocrx_word' id='word_1_256' title='bbox 375 3203 439 3244; x_wconf 83' lang='lat' dir='ltr'>lorus</span> <span class='ocrx_word' id='word_1_257' title='bbox 450 3201 532 3244; x_wconf 81' lang='lat' dir='ltr'>deltos.</span> <span class='ocrx_word' id='word_1_258' title='bbox 613 3200 633 3243; x_wconf 80' lang='lat'>5.</span> <span class='ocrx_word' id='word_1_259' title='bbox 649 3199 744 3239; x_wconf 67' lang='lat' dir='ltr'>Tro-ricla.</span> <span class='ocrx_word' id='word_1_260' title='bbox 753 3199 798 3240; x_wconf 84' lang='lat' dir='ltr'>Les</span> <span class='ocrx_word' id='word_1_261' title='bbox 808 3200 920 3250; x_wconf 82' lang='lat' dir='ltr'>tumques</span> <span class='ocrx_word' id='word_1_262' title='bbox 933 3195 1041 3250; x_wconf 81' lang='lat' dir='ltr'>langues,</span> 
     </span>
    </p>

    <p class='ocr_par' dir='ltr' id='par_1_6' title="bbox 80 3250 1042 3473">
     <span class='ocr_line' id='line_1_35' title="bbox 104 3250 1042 3305; baseline -0.013 -4"><span class='ocrx_word' id='word_1_263' title='bbox 104 3260 129 3305; x_wconf 66' lang='lat' dir='ltr'>ss.</span> <span class='ocrx_word' id='word_1_264' title='bbox 149 3259 296 3301; x_wconf 81' lang='lat' dir='ltr'>Sicoriorron.</span> <span class='ocrx_word' id='word_1_265' title='bbox 312 3256 468 3297; x_wconf 82' lang='lat' dir='ltr'>l&#39;oirlanotc</span> <span class='ocrx_word' id='word_1_266' title='bbox 482 3254 533 3298; x_wconf 76' lang='lat' dir='ltr'>tue</span> <span class='ocrx_word' id='word_1_267' title='bbox 588 3252 600 3294; x_wconf 78' lang='lat' dir='ltr'>ir</span> <span class='ocrx_word' id='word_1_268' title='bbox 621 3254 744 3297; x_wconf 81' lang='lat' dir='ltr'>manchus,</span> <span class='ocrx_word' id='word_1_269' title='bbox 764 3250 873 3301; x_wconf 67' lang='lat' dir='ltr'>imliunos</span> <span class='ocrx_word' id='word_1_270' title='bbox 893 3250 921 3292; x_wconf 71' lang='lat' dir='ltr'>lle</span> <span class='ocrx_word' id='word_1_271' title='bbox 942 3250 963 3291; x_wconf 87' lang='lat' dir='ltr'>la</span> <span class='ocrx_word' id='word_1_272' title='bbox 987 3262 1042 3302; x_wconf 63' lang='lat' dir='ltr'>{perra</span> 
     </span>
     <span class='ocr_line' id='line_1_36' title="bbox 81 3312 1042 3417; baseline -0.012 -4"><span class='ocrx_word' id='word_1_273' title='bbox 81 3312 242 3413; x_wconf 47' lang='lat' dir='ltr'>lanplffim</span> <span class='ocrx_word' id='word_1_274' title='bbox 252 3363 431 3417; x_wconf 63' lang='lat' dir='ltr'>(ilitipmairner.</span> <span class='ocrx_word' id='word_1_275' title='bbox 442 3363 499 3405; x_wconf 78' lang='lat' dir='ltr'>l&#39;oir·</span> <span class='ocrx_word' id='word_1_276' title='bbox 511 3363 532 3403; x_wconf 83' lang='lat' dir='ltr'>lu</span> <span class='ocrx_word' id='word_1_277' title='bbox 589 3312 808 3402; x_wconf 31' lang='lat' dir='ltr'>‘niis‘(intonatum.</span> <span class='ocrx_word' id='word_1_278' title='bbox 825 3370 837 3399; x_wconf 82' lang='lat' dir='ltr'>u</span> <span class='ocrx_word' id='word_1_279' title='bbox 851 3359 903 3400; x_wconf 77' lang='lat' dir='ltr'>Une</span> <span class='ocrx_word' id='word_1_280' title='bbox 921 3354 1042 3411; x_wconf 70' lang='lat' dir='ltr'>pipiniirt‘</span> 
     </span>
     <span class='ocr_line' id='line_1_37' title="bbox 80 3413 775 3473; baseline -0.017 -6"><span class='ocrx_word' id='word_1_281' title='bbox 80 3424 137 3466; x_wconf 85' lang='lat' dir='ltr'>note</span> <span class='ocrx_word' id='word_1_282' title='bbox 147 3423 157 3463; x_wconf 84' lang='lat'>1</span> <span class='ocrx_word' id='word_1_283' title='bbox 170 3421 199 3464; x_wconf 83' lang='lat' dir='ltr'>de</span> <span class='ocrx_word' id='word_1_284' title='bbox 210 3419 234 3462; x_wconf 80' lang='lat' dir='ltr'>la</span> <span class='ocrx_word' id='word_1_285' title='bbox 244 3430 266 3473; x_wconf 91' lang='lat' dir='ltr'>p.</span> <span class='ocrx_word' id='word_1_286' title='bbox 277 3416 337 3471; x_wconf 81' lang='lat' dir='ltr'>llll).</span> <span class='ocrx_word' id='word_1_287' title='bbox 589 3413 616 3455; x_wconf 76' lang='lat' dir='ltr'>dr</span> <span class='ocrx_word' id='word_1_288' title='bbox 629 3413 751 3457; x_wconf 83' lang='lat' dir='ltr'>Catilinas.</span> <span class='ocrx_word' id='word_1_289' title='bbox 763 3426 775 3455; x_wconf 86' lang='lat' dir='ltr'>n</span> 
     </span>
    </p>
   </div>
   <div class='ocr_carea' id='block_1_5' title="bbox 0 0 1128 3848">
    <p class='ocr_par' dir='ltr' id='par_1_7' title="bbox 0 0 1128 3848">
     <span class='ocr_line' id='line_1_38' title="bbox 0 0 1128 3848; baseline 0 0"><span class='ocrx_word' id='word_1_290' title='bbox 0 0 1128 3848; x_wconf 95' lang='lat' dir='ltr'> </span> 
     </span>
    </p>
   </div>
  </div>
 </body>
</html>
