2244 3848
80 219 138 275 320
341 235 393 278 ans
414 233 556 279 niscouns
578 234 777 298 consummas

118 369 258 422 [loommin
288 385 385 422 rarum
414 368 582 440 (viu-xxm).
600 400 634 408 -
659 371 735 437 Lonp
754 376 780 424 et
798 377 925 425 coruscat
940 369 1026 440 porot-

80 449 128 503 ldlc
141 455 216 502 entre
229 448 265 501 las
281 451 357 503 titrcs
369 465 405 503 uu
422 447 546 503 constitut
557 448 590 502 dc
603 451 721 504 Murena
735 451 785 519 qui
804 457 844 504 est
862 467 902 504 ua
912 449 997 505 calciat
1009 458 1029 504 ct

79 528 112 583 dc
130 528 274 602 Sulpicius
285 530 334 598 qui
346 535 383 585 est
393 545 431 583 uu
441 529 653 597 jurisconsulto.

310 746 588 804 Jurlsconsulte
609 747 646 804 et
666 702 810 805 sornatss

117 894 224 953 Vlll...
239 894 315 953 18...
332 894 501 964 Quaestura
513 893 686 973 utriusque
703 894 956 973 propemodum
974 895 1034 972 pari

77 990 245 1044 momento
258 983 371 1043 sortis¹
387 983 458 1043 fuit.
470 983 589 1043 Habuit
598 984 652 1046 hic
662 985 734 1061 lege
743 985 825 1045 Titia
835 984 1036 1061 provinciam

78 1073 209 1131 tacitam
225 1077 256 1133 ct
272 1072 426 1150 quietam,
443 1077 478 1133 tn
495 1071 586 1132 illam
601 1073 665 1148 cui,
682 1090 758 1134 cum
774 1077 957 1152 quaestores
975 1092 1037 1135 sor-

78 1162 213 1235 tiuntur,
232 1163 328 1223 etiam
351 1162 523 1222 acclamari
551 1163 645 1240 solet,
665 1164 862 1238 Ostiensem,
883 1181 952 1224 non
975 1168 1038 1224 tam

78 1251 582 1331 gratiosametillustrem,quam
590 1254 794 1332 negotiosam
810 1257 842 1314 ct
854 1255 1037 1315 molestam.

80 1341 233 1402 Consedit
242 1344 412 1421 utriusque
427 1361 549 1403 nomen
565 1344 598 1402 in
612 1346 784 1420 quaestura.
802 1343 940 1404 Nullum
955 1343 1040 1404 enim

79 1422 171 1482 vobis
193 1440 264 1484 sors
288 1442 440 1503 campum
467 1423 565 1497 dedit,
591 1425 624 1483 in
654 1440 717 1502 quo
744 1440 916 1485 excurrere
940 1425 1040 1485 virtus

81 1513 298 1590 cognoscique
314 1518 435 1592 posset.

118 1629 172 1690 IX.
195 1632 244 1689 19.
268 1631 394 1708 Reliqui
414 1631 572 1708 temporis
590 1630 732 1709 spatium
748 1630 783 1691 in
798 1631 1040 1691 contentionem

79 1723 223 1778 vocatur.
233 1720 278 1780 Ab
290 1723 427 1798 utroque
439 1719 659 1780 dissimillima
668 1719 1038 1798 rationetractatumest.

80 1805 210 1867 Servius
222 1809 275 1869 hic
285 1811 457 1871 nobiscnm
468 1810 552 1870 hanc
566 1809 727 1870 urbanam
740 1809 895 1870 militiam
910 1828 1039 1888 respon·

81 1894 188 1970 dendi,
213 1898 387 1973 scribendi,
412 1896 577 1976 cavendi²,
599 1898 730 1976 plenam
751 1899 985 1960 sollicitudinis
1006 1916 1043 1960 ac

81 1987 252 2062 stomachi,
270 1993 401 2049 secutus
415 1993 479 2062 est;
494 1989 549 2065 jus
561 1988 655 2049 civile
671 1988 954 2062 didicit·,multum
965 1990 1040 2068 vigi-

81 2075 170 2149 lavit,
187 2076 354 2154 laboravit,
374 2082 493 2156 praesto
515 2077 627 2138 multis
645 2077 716 2152 luit,
736 2078 917 2139 multorum
936 2078 1040 2140 stulti-

79 2164 158 2224 tiam
180 2184 355 2246 perpessus
375 2171 435 2240 est,
463 2167 678 2244 arrogantiam
700 2168 843 2245 pertulit,
867 2167 1037 2228 difficulta-

80 2258 146 2314 tem
168 2257 351 2332 exsorbuit3
378 2258 457 2317 vixit
481 2257 520 2317 ad
544 2257 685 2317 aliorum
707 2255 890 2329 arbitrium,
918 2275 985 2316 non
1001 2256 1036 2316 ad

79 2360 186 2403 suum.
205 2348 316 2425 Magna
333 2346 414 2420 laus,
437 2351 469 2407 et
487 2349 578 2422 grata
592 2344 795 2419 hominibus,
817 2363 921 2405 unum
937 2346 1036 2407 homi-

79 2450 156 2492 nem
173 2434 336 2495 clahorare
359 2436 391 2495 in
416 2455 453 2496 ea
476 2435 622 2509 scientia,
645 2452 716 2512 quae
736 2435 779 2495 sit
793 2436 907 2496 mullis
923 2436 997 2514 prof
1022 2469 1036 2478 -

78 2526 161 2582 tura.
566 2519 568 2524 ’

118 2613 167 2671 10.
186 2614 268 2684 Quid
285 2616 415 2675 Murena
439 2614 583 2676 interea?
601 2614 791 2673 Fortissimo
817 2617 850 2674 et
871 2615 1038 2693 sapientis·

78 2702 163 2761 simo
186 2703 267 2779 viro,
289 2721 418 2764 summo
440 2703 639 2782 imperatori,
656 2701 815 2780 legatus³,
837 2705 871 2764 L.
893 2707 1035 2779 Lucullo,

107 2832 127 2876 l.
140 2834 222 2876 Sertis.
235 2836 270 2876 En
284 2838 351 2878 vertu
360 2835 388 2878 de
397 2836 420 2878 la
428 2836 464 2877 lou
474 2835 492 2876 T
492 2835 534 2876 itio

83 2887 140 2930 dont
151 2886 274 2931 ladateest
285 2890 412 2935 inconnuc.
425 2889 458 2931 les
467 2900 535 2943 ques-

85 2943 148 2982 leurs
161 2943 293 2984 timicntau
304 2946 353 2986 sort
362 2945 413 2986 lcur
422 2944 534 2996 province

83 2994 144 3046 (voir
165 3007 188 3048 p.
207 2994 251 3048 lo).
273 2997 304 3039 lic
317 2999 429 3051 questcnr
447 2996 534 3038 d'Ostie

84 3048 220 3090 recueillait
242 3051 321 3092 moins
350 3050 378 3092 de
400 3051 534 3105 glou-oque

83 3100 180 3144 d'cnnui
194 3101 206 3143 d
220 3105 346 3147 survcillcr
364 3105 533 3157 l'importalion

83 3154 114 3195 du
128 3151 165 3196 llll
185 3166 230 3250 que
243 3157 288 3199 l'on
313 3158 458 3210 crrlrcposail
472 3158 532 3199 dans

81 3209 142 3253 cette
158 3209 190 3250 vil
203 3220 223 3257 e,
235 3211 274 3263 qui
290 3209 346 3254 oluit
360 3213 381 3255 lc
399 3215 451 3266 pori
462 3211 533 3252 mnri-

84 3262 139 3304 timc
154 3263 181 3304 de
195 3265 279 3307 llcme.

109 3313 129 3356 2.
147 3315 254 3361 (luendi.
268 3319 287 3358 A
296 3318 415 3370 propende
426 3320 449 3360 C.
461 3319 533 3372 Aqui-

83 3368 130 3410 lius
145 3368 205 3415 (roir
220 3370 242 3410 la
261 3371 341 3414 notcd
358 3373 386 3413 dc
401 3373 422 3414 la
440 3384 460 3426 p.
472 3371 530 3424 ill),

84 3421 181 3462 Cicdron
199 3420 319 3477 ddsignuit
343 3429 475 3469 aulrcmcnt
499 3427 534 3470 les

85 3475 149 3534 trois
158 3475 259 3526 devotis,
281 3477 327 3520 tros
347 3489 482 3532 cnnuycux,
503 3482 534 3523 du

85 3537 179 3570 scrrmc
194 3529 249 3571 ciri]
273 3531 303 3573 du
317 3531 491 3584 jurisconsulto
505 3534 536 3576 :il

589 2835 676 2888 parlall
695 2833 723 2877 de
738 2835 863 2885 consulere,
880 2847 929 2878 non
946 2836 976 2880 de
988 2838 1038 2878 arri-

589 2889 638 2929 liarc
652 2888 755 2942 (rudiger
765 2889 799 2932 los
811 2889 891 2943 actes).
904 2891 929 2932 Si
940 2891 961 2933 le
974 2892 1039 2944 juris·

589 2943 699 2984 considio
729 2944 764 2985 cst
787 2945 879 2991 avocat,
904 2944 918 2985 il
937 2944 987 2987 doit
1014 2944 1038 2987 do

589 2995 643 3102 plu)s
661 3008 728 3046 ‹rprre
743 2997 945 3050 rarisurri(plaide1·
959 2999 980 3041 le
993 3010 1039 3052 pro·

589 3060 647 3091 ces.

615 3101 634 3145 3.
648 3102 754 3153 Lepcim.
770 3103 871 3146 Murena
881 3104 907 3146 fit
922 3104 947 3147 la
959 3116 1038 3160 guerro

588 3158 668 3198 contre
684 3156 829 3205 Mithridate.
848 3168 878 3200 en
897 3158 969 3208 8a-83‚
987 3170 1038 3202 sous

587 3210 622 3251 les
638 3209 719 3252 ordros
741 3209 769 3252 de
787 3211 910 3264 sonpirc,
930 3214 971 3266 qui
987 3213 1039 3255 tlait

588 3261 735 3316 proprtlcur.
752 3266 788 3305 En
799 3263 831 3312 73,
846 3265 911 3309 illut
930 3267 951 3308 lc
964 3267 1039 3310 licutc·

589 3318 648 3358 nant
661 3316 688 3358 de
700 3320 722 3357 L.
739 3318 863 3368 Lucullus,
877 3319 939 3361 dans
953 3321 976 3361 la
989 3321 1038 3363 lrui-

590 3370 663 3412 siluno
680 3381 763 3423 guerre
772 3374 853 3414 contre
864 3373 1038 3418 Mithridate.-

590 3425 655 3465 Pour
666 3424 791 3475 Lucullus,
813 3427 865 3468 voli·
878 3426 902 3469 la
916 3439 943 3469 n.
956 3430 965 3468 1
981 3428 1009 3470 dc
1020 3429 1039 3469 lu

590 3488 613 3530 p.
624 3476 670 3519 all.
684 3478 832 3541 Remarquer
855 3491 914 3523 avec
924 3481 979 3535 quel
990 3482 1038 3522 solu

590 3527 688 3573 ciceron
699 3534 799 3586 emploic
809 3533 843 3577 les
857 3536 945 3578 termes
955 3535 1039 3578 techni-
