2250 3818
279 183 306 250 ι’
322 213 336 243 «
354 207 439 251 acrio
462 207 554 250 raian
576 208 605 250 ru
627 211 653 252 c.
679 205 802 253 vuuiauu
820 217 834 246 a
979 189 1034 253 iai

74 344 267 406 violatam?
290 344 388 421 Cujus
407 344 524 421 legatio
544 345 680 406 exitium
701 347 763 406 luit
784 346 867 406 Asiae
890 346 989 406 tatius
1012 352 1043 406 et

75 434 295 512 Pamphyliae,
312 434 430 511 quihus
450 434 483 493 in
499 435 675 512 provinciis
689 437 807 495 multas
821 435 949 509 domos,
967 426 1039 513 plu-

74 525 178 584 rimas
195 524 305 594 urbes,
329 525 440 583 amnia
457 524 531 583 lana
547 526 756 601 depeculatus
771 527 779 559 ¹
797 530 856 597 est,
873 530 943 585 tum
963 543 1040 585 cum

76 615 109 672 in
123 616 181 673 Cn.
197 612 400 672 Dolabellam
412 630 510 672 suum
521 614 628 673 scelus
650 614 728 673 illud
748 614 922 690 pristinum
943 633 1042 674 reno-

75 703 159 762 vavit
179 708 211 762 ct
229 702 419 761 instauravit
436 703 659 779 quaestorium,
677 721 753 763 curn
775 721 862 776 eum,
880 704 931 762 cui
949 709 980 763 et
996 704 1041 763 le-

76 798 171 870 gatus
185 797 219 852 et
232 808 290 868 pra
307 796 467 868 (antestare
484 792 610 866 fuisset,
627 793 704 852 etin
718 793 872 852 iuvidiam
888 794 957 853 suis
973 811 1041 852 ina-

76 881 194 942 leliciis
215 881 358 949 adduxit,
373 885 405 940 ct
423 881 549 959 idipsis
565 881 719 959 periculis
744 900 808 941 neu
824 882 931 949 salum
949 881 1039 942 desc-

76 972 154 1048 ruit,
182 971 239 1031 sed
264 970 360 1029 etiam
392 970 592 1048 oppugnavit
615 989 651 1030 ac
680 970 831 1048 prodidit.
863 974 912 1030 lu.
939 972 1038 1048 Cujus

77 1064 220 1138 praetura
236 1060 358 1118 urbana
372 1060 489 1119 aedium
503 1078 669 1120 sacrarum
685 1060 747 1119 snit
767 1061 1038 1139 publicorumque

77 1166 218 1227 operum
234 1145 449 1225 depeculatio,
467 1148 565 1207 simul
580 1148 694 1225 injure
710 1148 862 1222 dicundo,
878 1151 1039 1210 honoram

78 1237 408 1315 possessionumque,
425 1242 536 1296 cantra
552 1237 700 1297 omnium
722 1239 880 1312 instituta,
898 1238 1038 1300 addictio

78 1332 109 1387 et
131 1326 343 1387 condonatio.
369 1327 440 1385 lam
458 1344 535 1386 vero
557 1327 706 1395 omnium
726 1328 880 1388 vitiorum
901 1346 1036 1388 suorum

45 1420 49 1429 '
79 1417 223 1494 plurima
243 1420 275 1475 ct
289 1414 434 1475 maxima
454 1416 623 1477 constituit
642 1422 851 1477 monumenta
870 1423 898 1477 et
922 1417 1040 1477 indicia

81 1506 112 1565 iu
122 1505 294 1583 provincia
309 1504 428 1579 Sicilia,
444 1523 542 1582 quam
559 1507 619 1566 iste
632 1524 689 1584 per
700 1507 877 1566 triennium
889 1507 933 1565 ita
947 1524 1040 1567 rexa-

38 1632 42 1677 t
82 1596 125 1654 vit
147 1613 185 1655 ac
219 1594 372 1672 perdidit,
394 1599 430 1653 ut
450 1612 488 1655 ea
508 1596 636 1655 restitui
665 1596 697 1654 in
725 1597 894 1673 antiquum
919 1601 1040 1655 statum

38 1752 43 1763 ,
82 1685 169 1744 nullo
182 1683 282 1743 modo
293 1683 408 1761 possit,
423 1684 596 1744 rixantem
613 1702 669 1763 per
683 1686 803 1746 multos
817 1703 930 1758 anuos,
944 1686 1039 1745 inno·

38 1786 49 1845 ξ.
85 1778 258 1851 centesque
286 1777 441 1850 praetores
469 1773 577 1851 aliqua
604 1792 643 1834 ex
670 1781 761 1852 parte
787 1775 955 1835 recreari²
984 1775 1040 1834 ali-

86 1863 210 1939 quando
227 1880 323 1940 posse
337 1862 494 1923 uideatur.
511 1865 560 1924 13.
579 1866 645 1924 Hoc
665 1869 799 1941 praetore
820 1865 917 1926 Siculi
933 1883 1039 1942 neque

87 1967 154 2012 suas
180 1953 282 2029 leges,
314 1968 420 2029 neque
449 1958 561 2012 nostra
592 1958 724 2013 senatus
748 1955 909 2022 consulta,
933 1971 1039 2030 neque

88 2042 270 2102 communia
281 2042 357 2118 jura
376 2046 567 2118 tenueruut;
584 2047 710 2103 lautum
727 2045 866 2122 quisquc
890 2045 987 2103 liabet
1006 2043 1039 2104 in

91 2130 199 2205 Sicilia,
226 2137 384 2209 quantum
406 2132 551 2193 hominis
576 2133 759 2193 avarissimi
780 2140 808 2193 el
836 2133 1038 2193 libidinosis-

91 2219 155 2281 simi
168 2226 223 2281 aut
240 2221 493 2298 imprudentiam
516 2223 722 2299 subterfugit,
742 2227 797 2282 aut
819 2223 957 2282 satietati
983 2239 1037 2282 sa-

93 2310 210 2385 perluit.

55 2432 59 2437 '
123 2428 156 2486 l'.
173 2426 268 2486 Nulla
286 2442 337 2485 res
353 2443 410 2503 per
423 2426 612 2500 triennium,
634 2427 696 2486 uisi
714 2427 753 2486 ad
772 2430 908 2487 nutuml
930 2427 1037 2501 istius,

93 2512 223 2587 judicata
247 2519 315 2588 est,
335 2515 424 2575 nulla
444 2533 495 2575 res
515 2517 710 2593 cujusquam
728 2523 792 2577 tam
819 2519 921 2593 patria
943 2523 1039 2593 ratque

96 2605 162 2663 aliia
182 2605 254 2679 luit,
277 2624 347 2682 qum
368 2623 433 2665 non
452 2607 491 2665 ab
507 2624 545 2665 ec
566 2606 702 2682 imperia
724 2608 819 2665 istius·
839 2607 1040 2681 adjudicare-

98 2696 145 2752 tar.
166 2696 424 2756 Innumerabiles
442 2696 588 2773 pecunia·
606 2715 644 2754 cx
664 2702 828 2757 aratorum
845 2697 939 2756 bonis
956 2715 1040 2755 novo

98 2782 270 2863 nefarieque
293 2784 441 2845 instituto
465 2791 596 2859 coacta,
615 2788 693 2846 sccii
712 2786 891 2845 tidelissiuii
913 2786 945 2843 in
967 2786 1041 2844 lies-

100 2946 533 3006 lrursqiwslaursileiairilallleslicus
587 2954 682 2997 collaria:
700 2968 722 3003 Υ.
747 2954 782 3004 14,
812 2954 976 2995 (¹1¹¹‘¹0'¹“¹l¹‘⁸²
1001 2965 1040 2996 ⁰⁰⁸

100 3003 206 3058 religieux.
215 3008 253 3049 Gi.
264 3008 339 3049 [liniri.
354 3010 375 3049 in
384 3009 467 3057 (facil.
480 3021 532 3057 xix,
588 3008 669 3058 lemna
680 3012 721 3051 ‹uit
737 3008 772 3051 eid
789 3008 836 3050 iata
849 3009 898 3049 dies
911 3018 952 3060 par
968 3009 993 3047 C.
1009 3008 1036 3050 ll.

88 3054 172 3099 ·⁶11·⁸'ir
183 3063 238 3104 enim
249 3076 263 3101 n
274 3062 394 3116 »najareni
405 3065 488 3103 riciarius
499 3075 533 3104 dc-
590 3065 627 3103 ll'.
639 3063 745 3110 Mueller,
754 3073 783 3103 au
794 3063 840 3105 lieu
848 3061 876 3104 de
884 3061 1038 3114 depopulatur,

100 3111 176 3161 crpitum
192 3120 307 3168 praeldrrm
328 3117 479 3169 paractericum
511 3130 533 3157 a·
588 3116 741 3169 drprqidldtid,
755 3117 796 3170 qui
814 3128 838 3158 sc
858 3116 967 3157 nauarent
982 3115 1040 3155 ditus

101 3166 154 3205 untia
173 3169 218 3207 lara
241 3182 288 3211 erac
311 3174 426 3223 upnudrrr:
449 3128 532 3212 iolilffrm
588 3171 778 3222 plusieursuiss.
793 3174 813 3211 al
834 3169 929 3211 ‹lansla
944 3168 1040 3221 plapart

102 3229 153 3268 tulpia
170 3222 295 3273 justiorem,
320 3236 388 3277 deque
407 3222 531 3275 praviorem
587 3223 753 3270 ilrsddilicus,
769 3224 927 3265 lllttisdttllllt‘
941 3225 1040 3264 §aliaest

101 3280 171 3312 ennium
181 3276 351 3319 iirrruailudmia
360 3290 423 3326 perro!
438 3277 532 3332 rrprrr'ri'
588 3279 665 3319 illailla⁴
678 3278 764 3331 priris.

102 3334 150 3386 illd!
165 3329 337 3382 rdiijimctr'mwm
359 3332 442 3379 sertia,
466 3346 531 3386 qiinue
613 3331 636 3375 2.
656 3331 770 3373 lari-ears.
786 3333 842 3373 l'uir
856 3331 877 3372 la
890 3332 942 3372 nuli·
956 3328 964 3371 l
977 3329 1041 3372 dela

102 3382 206 3424 pellacia.
217 3396 282 3436 polam
289 3384 366 3437 efficii,
378 3398 442 3439 qttdlu
448 3385 532 3439 pudlirt'
588 3396 647 3438 paige
658 3385 694 3428 85.

104 3435 322 3478 munerisuaiararem.
613 3440 635 3480 3.
655 3439 747 3480 lidum.
764 3440 820 3481 l'nir
834 3439 855 3480 la
872 3437 949 3479 univ-2
967 3436 995 3477 dr
1016 3437 1040 3479 la

122 3480 139 3524 l.
152 3486 303 3541 llqmrldntna.
313 3493 351 3534 lli.
366 3504 401 3534 η’.
414 3491 449 3535 Η.
468 3492 483 3527 Ἰ
491 3508 516 3547 '1¹¹
529 3517 532 3522 ·
588 3504 646 3546 paige
656 3493 692 3535 91·
