2250 3818
215 234 253 277 nn
276 240 290 272 «
314 236 370 279 rao
391 239 421 281 r.
444 237 470 278 t.
495 235 601 279 mcrnm
623 234 733 278 anema
755 235 851 278 roam
874 241 888 272 »
973 221 1031 279 ala

67 368 216 446 denique
233 370 366 445 alveolo,
382 362 539 447 quantum
559 370 645 448 pila,
660 373 785 430 tantum
803 370 884 429 mihi
903 375 1032 447 egomet

70 460 111 521 ad
123 460 194 520 haec
210 459 317 519 studia
327 459 498 520 recolenda
509 459 812 537 sumpseroldtque
828 462 889 519 hoc
901 476 938 519 eo
951 460 1031 518 mihi
1069 482 1072 487 ’

70 549 319 610 concedendum
341 554 390 610 est
411 550 528 627 magis,
554 548 641 627 quod
670 566 709 610 ex
737 549 797 626 his¹
819 550 934 610 studiis
962 550 1031 610 haec

70 657 203 717 quoque
216 640 334 700 crescit
348 640 450 699 oratio
467 644 497 698 et
510 639 655 714 facultas,
672 657 754 716 quae,
770 645 1031 717 quantacumque

70 730 105 788 in
120 747 175 790 me
191 735 251 805 est,
267 747 435 807 nunquam
451 728 631 789 amicorum
647 729 800 807 periculis
816 729 928 790 defuit.

111 839 162 897 14.
188 840 264 910 Quae
289 839 315 897 si
340 837 393 898 cui
414 838 516 898 levior
535 837 672 911 videtur,
697 837 751 896 illa
774 836 906 913 quidem
931 841 1028 906 certe,

69 946 145 1006 quae
159 947 290 991 summa
305 934 389 1002 sunt,
402 946 440 990 ex
454 945 517 1006 quo
530 928 618 988 fonte
630 928 790 1002 hauriam,
807 927 922 987 sentio.
936 928 1028 999 Nam,

67 1019 134 1078 nisi
152 1019 333 1079 multorum
356 1018 537 1096 praeceptis,
560 1017 736 1094 multisque
758 1016 873 1076 litteris
894 1015 973 1074 mihi
990 1017 1029 1076 ab

68 1107 294 1168 adulescentia
323 1107 514 1182 suasissem,
544 1106 625 1165 nihil
653 1122 724 1165 esse
753 1105 787 1165 in
814 1106 880 1166 vita
896 1122 1030 1183 magno-

67 1208 147 1276 pere
168 1197 385 1275 expetendum
408 1197 472 1256 nisi
492 1196 622 1256 laudem
639 1196 978 1272 atqnehonestatem¹,
996 1194 1029 1253 in

67 1305 106 1348 ea
135 1293 247 1347 antem
278 1285 501 1364 persequenda
530 1302 643 1345 omnes
678 1285 839 1344 cruciatus
871 1285 1026 1361 corporis,

66 1377 184 1438 omnia
206 1377 370 1455 pericula²
390 1376 505 1436 mortis
519 1380 614 1453 atque
635 1374 741 1436 exsilii
757 1375 847 1452 parvi
870 1391 940 1434 esse
969 1374 1027 1434 du-

66 1468 185 1540 cenda,
202 1484 368 1544 nunquam
387 1484 440 1526 me
459 1483 515 1544 pro
535 1466 638 1525 salute
652 1464 801 1525 vestrain
817 1468 912 1524 totae
924 1467 1028 1524 tantas

66 1556 309 1630 dimicationes,
328 1561 425 1634 atque
443 1557 476 1615 in
493 1556 554 1615 hos
573 1552 840 1633 profligatorum³
856 1554 1028 1613 hominum

66 1646 253 1707 cotidianos
267 1647 408 1724 impetus
424 1645 632 1722 objecissem.
650 1645 711 1705 Sed
724 1645 812 1723 pleni
826 1661 940 1704 omnes
953 1648 1029 1703 sunt
1058 1640 1063 1653 '

64 1733 154 1809 libri,
185 1735 287 1813 plenae
316 1735 511 1813 sapientium
544 1752 652 1809 voces,
679 1735 774 1812 plena
802 1734 1027 1811 exemplorum

66 1828 235 1898 vetustas;
257 1842 328 1903 quae
344 1824 489 1901 jacerent
508 1821 700 1885 intenebris
720 1824 841 1902 omnia,
861 1823 924 1884 nisi
946 1823 1028 1883 litte-

64 1932 181 1978 rarum
208 1914 319 1975 lumen
344 1915 520 1976 accederet.
552 1915 654 1985 Quam
680 1915 799 1975 multas
826 1913 921 1974 nohis
948 1913 1027 1973 ima·

65 2006 174 2083 gntus,
202 2023 267 2066 non
287 2005 394 2065 solnm
422 2003 460 2064 ad
488 2003 690 2080 intuendum,
719 2021 832 2065 verum
863 2004 961 2064 etiam
988 2001 1026 2061 ad

66 2094 276 2169 imitandum,
293 2094 549 2154 fortissimorum
571 2094 714 2154 virorum
736 2111 905 2172 expressas
925 2093 1026 2169 scrip-

66 2190 155 2245 tores
176 2189 208 2244 et
228 2183 329 2244 Graeci
350 2188 381 2244 et
400 2183 502 2242 Latini
527 2183 744 2260 reliqueruntl
764 2184 847 2253 Quas
869 2200 928 2260 ego
944 2180 1025 2240 mihi

66 2291 199 2354 semper
214 2274 248 2333 in
264 2271 519 2334 administranda
539 2289 572 2331 re
594 2273 724 2351 publica
744 2289 939 2350 proponens,
958 2272 1027 2330 ani-

66 2382 160 2425 mum
189 2367 221 2423 et
241 2368 384 2423 mentem
414 2379 522 2422 meam
544 2362 615 2440 ipsa
635 2363 828 2440 cogitatione
849 2361 1020 2420 hominum

66 2453 298 2514 excellentium
317 2451 572 2513 conformabant.

106 2589 172 2650 Vll.
189 2589 238 2649 15.
254 2587 379 2658 Quaeret
394 2585 558 2664 quispiam
574 2604 581 2646 :
603 2608 616 2640 u
634 2584 736 2667 Quid‘.>
751 2587 798 2646 illi
812 2586 886 2664 ipsi,
902 2585 1023 2647 summi

68 2678 139 2749 viri,
168 2695 308 2755 quorum
336 2676 471 2736 virtutes
495 2676 610 2737 litteris
636 2676 770 2754 proditae
801 2680 886 2750 sunt,
917 2675 1021 2735 istane

70 2767 224 2842 doctrina,
242 2785 338 2844 quam
353 2770 388 2826 tu
402 2767 497 2826 effers
517 2766 680 2840 laudibus
701 2766 815 2826 eruditi
837 2765 991 2827 fuerunt?
1010 2789 1022 2818 »

69 2856 203 2919 Difficile
225 2860 272 2917 est
293 2858 355 2917 hoc
376 2856 414 2917 de
438 2856 589 2916 omnibus
609 2857 812 2932 confirmare,
836 2855 892 2916 sed
912 2859 1022 2915 tamen

72 3046 113 3088 tins
134 3045 183 3100 qui,
205 3045 373 3138 commengant
399 3045 449 3140 triga
474 3044 512 3092 tot,
569 3042 815 3088 eniaveuriRome.

73 3101 119 3142 sont
136 3109 183 3142 nne
203 3107 292 3152 prauve
329 3096 426 3150 'rutemp
442 3108 514 3139 rauce
594 3095 614 3139 l.
631 3095 726 3138 lutulena
742 3102 808 3148 itaque
823 3095 968 3137 tranctantem.
986 3094 1019 3136 lta

72 3162 105 3201 oa.
115 3154 166 3195 tout
174 3164 207 3195 au
216 3151 303 3199 moins.
315 3150 343 3193 de
353 3151 427 3193 loisir.
439 3173 465 3182 —
475 3150 513 3191 Al·
585 3150 643 3193 loire
652 3151 693 3204 qui
702 3150 810 3192 s'obticrrt
820 3161 862 3202 par
871 3148 912 3191 das
923 3159 1022 3203 moyens

72 3202 512 3258 reala(nlrear,litd’unerivicrc,erige)
568 3161 718 3251 lausiacus,
738 3203 796 3246 celle
816 3213 862 3257 que
884 3199 984 3246 Ciceron
1007 3215 1021 3243 a

74 3259 126 3302 table
142 3258 170 3301 de
189 3260 248 3313 jeux
267 3257 394 3302 arenords
414 3258 473 3300 dans
492 3259 512 3300 le
568 3253 708 3301 taeter-mee
730 3258 843 3310 toujours.
858 3257 921 3298 vair.
938 3267 959 3310 p.
972 3254 1022 3304 297,

74 3320 135 3359 Reme
145 3312 173 3357 de
183 3323 228 3356 nos
237 3313 312 3355 tables
322 3311 350 3355 de
361 3313 463 3354 trictrac.
475 3312 511 3354 Cf.
569 3311 662 3363 Elone
679 3310 716 3352 de
731 3311 856 3352 Marius.

74 3357 99 3406 De
109 3365 208 3416 Finibus,
218 3367 246 3414 V,
259 3376 302 3417 xx,
313 3363 351 3408 56:
367 3364 444 3406 Etiam
455 3365 511 3406 iner—
590 3362 611 3405 2.
629 3363 741 3405 Pericula.
754 3362 840 3406 V.lan.
849 3366 858 3405 l
866 3362 952 3416 delap.
967 3361 1015 3406 260.

74 3417 159 3461 linimen
170 3419 294 3462 torturas...
306 3417 428 3460 uidemur...
440 3418 510 3459 ‹zlueo-
590 3415 610 3459 3.
621 3416 799 3470 I’rosliqctcrmn
816 3416 929 3471 (flamma,
939 3417 1018 3463 louet:

75 3467 244 3525 domnamant
264 3484 345 3514 reserere
352 3473 473 3525 attemptarit
480 3471 510 3511 ln-
564 3471 654 3525 “ffll‘fflr
661 3471 768 3524 abatlrc).
776 3471 822 3513 Des
830 3471 937 3514 hommes
949 3471 1018 3515 abat-

75 3520 124 3569 ὀνκ.
135 3549 160 3560 -
168 3527 234 3570 Pitae.
290 3529 330 3580 jeu
341 3525 370 3570 de
380 3527 450 3575 balle,
463 3524 510 3567 tres
570 3527 616 3573 tus,
632 3523 721 3579 perdus
733 3524 907 3568 moralement„

60 3738 199 3781 κᾷηὲζῗ,
217 3746 227 3755 ‘
251 3774 256 3781 .
280 3762 287 3769 ·
