2250 3818
282 229 334 273 aas
354 226 497 275 urscouas
519 229 574 275 sua
597 229 634 273 aa
656 228 704 275 nor
722 229 853 274 aonium
989 214 1045 271 iiii

83 384 172 446 saepe
188 370 220 427 et
236 367 305 427 sine
322 383 420 427 eausa
438 367 616 427 tumultuer
630 369 649 440 ¹,
668 367 722 443 qui
739 367 874 425 timeam
900 382 940 423 ne
966 364 1046 422 mihi

84 458 118 517 in
132 456 286 517 ceromal
312 454 523 517 habitandum
545 456 596 529 sit,
624 457 651 515 si
674 456 823 515 tribunus
848 454 951 531 plebis
972 453 1047 514 duci

80 546 240 625 jusserit?
263 546 328 622 Ego
351 563 427 607 eum
453 546 569 605 vestris
595 546 694 605 armis
723 549 880 615 armatus,
910 543 1046 619 insigni-

83 638 214 714 busque
241 634 454 712 amplissimis
489 638 634 709 ornatus
662 635 811 711 imperio,
841 633 1043 706 auctoritaie,
1090 642 1093 647 “

81 742 150 787 uon
166 725 286 785 horreo
301 724 333 783 in
349 723 436 783 huno
452 724 561 785 looum
582 723 733 801 progredi
752 740 859 800 posse,
887 723 1044 800 vobisque

81 815 272 879 auctoribus
287 812 486 890 improbitati
510 814 653 873 bominis
676 814 827 874 resistere
843 830 903 872 neo
920 830 1043 886 vereor,

79 914 120 971 be
132 922 188 965 rea
201 903 345 982 publiea,
363 903 461 963 tantis
483 904 609 965 munita
624 903 798 981 praesidiis,
815 903 855 962 ab
872 902 942 960 istis
959 901 1045 961 vinci

78 998 135 1055 aut
156 993 300 1072 opprimi
324 992 443 1070 possit.
470 992 502 1053 Si
526 996 621 1053 antea
644 992 843 1059 timuissem,
861 996 969 1051 tamen
985 992 1045 1051 liae

24 1136 26 1141 .
79 1083 247 1154 contione,
267 1083 329 1141 hoo
351 1082 484 1159 populo,
509 1088 595 1142 certe
618 1099 684 1141 non
705 1098 844 1147 vererer.
862 1080 940 1151 Quis
957 1080 1044 1139 enim

78 1190 231 1251 unquam
243 1177 309 1233 tam
321 1169 464 1231 secunda
475 1172 626 1231 contione
640 1171 745 1250 legem
757 1171 916 1248 agrariam
929 1170 1044 1243 suasit,

78 1280 182 1341 quam
198 1278 258 1338 ego
274 1260 436 1321 dissuasi?
453 1261 480 1320 si
496 1260 558 1321 hoe
573 1260 764 1321 dissuadere
781 1265 831 1320 est
844 1278 881 1319 ao
897 1277 964 1319 non
978 1260 1045 1320 dis-

78 1352 214 1413 turbare
227 1368 265 1410 ao
277 1356 468 1428 pervertere.

120 1475 193 1533 102.
215 1474 257 1532 Ex
292 1491 356 1551 quo
378 1473 531 1550 intellegi,
556 1473 708 1545 Quirites,
736 1478 843 1550 potest
864 1472 946 1533 nihil
971 1490 1042 1533 esse

79 1568 148 1623 tam
165 1563 333 1641 populare,
344 1580 441 1640 quam
451 1563 482 1622 id
497 1563 583 1640 quod
596 1581 654 1641 ego
673 1564 765 1623 vobis
780 1564 812 1622 in
825 1564 1042 1623 hunoaunum

79 1654 198 1714 consul
232 1653 397 1730 popularis
441 1653 550 1726 allero,
593 1669 717 1729 paoem,
761 1653 1038 1730 tranquillitatem,

78 1744 189 1805 otium
200 1744 222 1802 ³.
240 1743 315 1813 Quen
331 1743 425 1802 nobis
441 1742 617 1820 designatis
629 1743 639 1776 ³*
660 1743 835 1808 timebatis,
854 1761 890 1803 ea
903 1761 943 1803 ne
957 1743 1040 1802 aoei-

77 1830 157 1893 dere
172 1835 318 1909 possent,
338 1832 475 1892 oonsilio
495 1849 568 1893 meo
587 1850 624 1892 ao
648 1834 771 1893 ratione
796 1833 926 1909 provisa
952 1836 1037 1893 sunt.

77 1922 151 1982 lion
166 1921 265 1981 modo
279 1939 337 1981 vos
353 1921 442 1983 eritis
458 1923 492 1981 in
507 1922 584 1995 otio,
603 1922 658 1998 qui
676 1940 806 1999 semper
830 1940 902 1983 esse
927 1924 1041 1982 volue-

77 2012 169 2085 ratiS,
185 2012 411 2072 verumetiam
426 2013 519 2077 istos,
535 2012 653 2089 quibus
670 2012 744 2072 odio
762 2017 810 2072 est
822 2014 936 2087 otium,
953 2014 1042 2090 quie-

77 2102 229 2169 tissimos
262 2106 356 2179 atque
392 2102 612 2163 otiosissimos
652 2102 797 2162 reddam.
823 2102 950 2162 Etenim
978 2102 1041 2161 illis

78 2190 235 2266 bonoreS,
270 2196 457 2269 potestates
486 2191 617 2265 divitiae,
647 2210 687 2252 ex
717 2192 859 2253 tumultu
885 2198 981 2267 atque
1004 2209 1041 2251 er

79 2280 344 2341 dissensionibus
357 2282 476 2341 civium
488 2281 668 2357 comparari
685 2280 806 2339 solent:
820 2298 889 2345 vos,
903 2298 1043 2358 quorum

78 2372 205 2449 gratia-³
219 2371 252 2430 in
268 2371 430 2449 suffragiis
452 2371 612 2442 consistit,
630 2371 762 2430 libertas
777 2371 810 2428 in
824 2371 961 2448 legibus,
985 2371 1040 2447 jus

78 2460 111 2521 in
123 2460 261 2539 judiciis
275 2466 306 2521 et
321 2461 470 2539 inquitate
484 2461 744 2536 magistratuum,
757 2478 808 2520 res
822 2461 992 2520 iarniliaris
1008 2461 1042 2519 in

78 2568 169 2629 paee,
188 2551 277 2609 omni
292 2551 415 2610 rationo
431 2551 535 2610 otium
550 2548 690 2611 retinere
712 2550 847 2610 debetis
870 2553 938 2609 103.
957 2553 1037 2609 Nam

79 2640 107 2701 si
117 2640 140 2699 ii
152 2640 209 2717 qui
224 2645 355 2717 propter
370 2640 529 2700 desidiam
544 2640 578 2698 in
593 2639 791 2713 otiovivuut,
806 2644 916 2699 tamen
932 2640 965 2697 in
979 2657 1037 2698 sua

79 2731 165 2811 turpi
181 2731 298 2791 inertia
308 2730 440 2807 capiunt
454 2730 653 2807 voluptatem
665 2747 703 2789 ex
719 2730 790 2807 ipso
805 2729 883 2804 otio,
897 2747 960 2806 quo
977 2746 1035 2788 vos

75 2908 79 2916 '
106 2916 124 2957 l.
142 2914 279 2956 Triariuleurr.
295 2914 327 2959 Le
340 2926 395 2958 sens
407 2925 491 2969 propre
504 2914 532 2957 de
587 2915 622 2958 les
637 2919 704 2959 notos
719 2915 771 2959 3do
787 2917 811 2958 ia
824 2928 846 2970 p.
858 2915 897 2959 iao
912 2919 935 2958 ot
950 2914 1004 2958 ide
1017 2914 1041 2958 la

24 3010 26 3021 ,
81 2968 187 3011 romuleus
205 2972 243 3013 est
261 2966 325 3013 lutat
347 2969 375 3015 da
402 2980 488 3023 guerre
509 2971 532 3013 et
587 2980 608 3023 p.
620 2967 667 3017 iat.

79 3018 245 3079 d'inquidtude
260 3022 302 3077 qui
314 3020 402 3066 resulto
416 3022 485 3065 d'une
499 3025 532 3065 at-
613 3022 633 3066 t.
649 3022 787 3076 llrripnuiir.
802 3024 837 3065 un
848 3023 910 3066 droit
920 3025 1008 3076 publio.
1018 3024 1043 3065 lu

82 3076 149 3129 laque
171 3074 297 3119 sorldaine.
317 3072 417 3119 Gicdrolr
437 3073 532 3119 cidelare
588 3074 712 3127 desiprmiie
742 3078 856 3131 dquii'uut
878 3077 889 3117 ir
918 3074 1041 3120 l'rilociiun.

83 3126 532 3185 quiln'ettpashommebs'iuquidtor
587 3131 645 3173 Eius
668 3129 783 3185 quelques
806 3131 866 3172 inuis
891 3134 962 3173 urrini
988 3131 1039 3172 leur

24 3182 27 3211 ³
82 3192 137 3227 un!
150 3194 220 3227 cesae
238 3184 262 3227 el
279 3184 533 3227 nauscause.i'ui1·ia
588 3179 663 3225 unirer
679 3182 706 3224 eir
717 3187 804 3237 rlrargo
820 3185 860 3237 qui
881 3185 1039 3235 commonenti

82 3238 157 3281 belot
168 3236 230 3281 dela
240 3248 261 3293 p¹
287 3236 354 3281 eidi.
589 3248 636 3281 aux
653 3236 764 3297 delendus
784 3237 812 3279 de
827 3238 928 3290 jamim,
942 3240 976 3282 irs
988 3248 1041 3281 con-

106 3286 126 3333 2
151 3290 256 3333 venere.
297 3302 324 3335 ab
346 3290 440 3335 tribune
460 3291 488 3333 do
511 3290 532 3333 lu
590 3290 640 3332 suls
658 3292 746 3335 etaient
761 3289 875 3343 ‹leripnori
890 3292 995 3345 perulerat
1016 3291 1041 3335 la

86 3342 147 3405 plebe
157 3344 290 3401 pouraient
304 3345 365 3389 taire
377 3344 492 3388 eonduire
504 3354 535 3387 eu
589 3341 684 3427 ptriede
703 3345 744 3399 qui
765 3341 889 3389 s‘ttendait
903 3349 969 3391 entre
989 3347 1041 3389 leur

86 3398 208 3449 primates
222 3400 321 3442 consula
333 3400 489 3443 oux-memes.
589 3398 690 3443 electiori
712 3400 735 3441 et
755 3399 807 3443 leur
828 3397 909 3442 entrde
928 3413 958 3444 en
979 3400 1044 3443 iunc-

31 3494 39 3506 ,
84 3448 289 3507 .8.1’opuioria...
304 3452 381 3501 otirpu'.
397 3454 534 3496 Toutesces
591 3454 659 3496 tiens.

88 3500 145 3549 ltle'es
156 3510 200 3549 ont
212 3504 268 3561 de'iii
278 3502 315 3551 tid
324 3504 465 3561 exprimtes.
480 3508 535 3549 i'oir
617 3506 637 3552 5.
650 3507 741 3553 tlruiio,
750 3510 810 3553 loir
820 3503 1058 3559 innatet-„xpeel
