2250 3818
368 268 405 313 nu
428 278 442 306 κ
469 269 523 313 ruo
547 271 577 312 u.
602 271 692 314 enno
710 278 724 309 »
968 257 1026 338 405

68 404 157 464 cium
175 406 183 438 ¹
198 396 257 477 est.
273 410 338 465 no'n
352 406 524 466 accusatio.
537 390 668 465 Nullum
680 411 729 467 est
740 407 1027 467 enimlundamen·

67 496 138 553 tum
171 495 290 554 horum
331 495 516 570 criminum,
559 496 647 555 nulla
680 496 784 556 sedes
814 487 916 557 Voces
953 501 1028 557 sunt

68 583 326 656 contumeliose,
341 587 462 644 temere
477 585 515 644 ab
533 586 611 644 irato
632 590 829 661 accusatore,
845 587 935 646 nullo
952 605 1027 647 auc-

66 675 150 741 tore,
161 673 301 733 emissae.
315 674 364 733 31.
380 674 501 733 Horum
511 675 649 733 duorum
663 675 837 734 criminum
848 676 939 736 video
956 677 1026 736 lon·

67 768 146 836 lem,
165 762 258 822 video
274 766 450 834 auctorem,
465 762 559 822 video
580 768 704 823 certum
727 781 847 823 nomen
874 769 906 824 et
920 770 1026 844 caput.

68 852 155 911 Auro
172 868 253 928 opus
268 851 327 910 luit
344 868 350 910 :
369 853 541 928 sumpsit'a
558 851 677 922 Clodia,
698 854 838 929 sumpsit
849 855 918 912 sine
933 858 1027 928 lesle‚

67 941 184 1001 habuit
199 941 355 1017 quamdiu
376 941 488 1000 voluit.
512 942 687 1000 Maximum
712 942 806 1001 video
830 944 959 1021 signum
976 963 1028 1004 cu-

65 1030 200 1108 jusdam
216 1031 353 1109 egregiae
368 1029 606 1090 familiaritatis.
618 1032 737 1091 Necare
748 1031 898 1092 eamdem
910 1033 1027 1107 voluil3

70 1121 222 1198 quaesivit
236 1138 409 1192 venenum,
437 1120 621 1180 sollicitavit
641 1138 722 1197 quos
751 1123 878 1199 poluit.
892 1124 1027 1200 paravit,

68 1210 179 1279 locum
196 1211 374 1281 consuluit,
390 1209 506 1269 attulit.
524 1212 673 1286 Magnum
683 1228 797 1270 rursus
809 1211 919 1271 odium
935 1213 1028 1272 video

69 1317 146 1361 cum
160 1297 385 1360 crudelissimo
396 1299 532 1358 discidio
551 1299 561 1332 2
578 1300 752 1359 exstitisse.

110 1399 174 1459 Res
190 1403 239 1458 est
252 1399 358 1458 omnis
372 1399 405 1456 in
420 1398 479 1457 hac
491 1398 706 1468 causanobis
721 1398 858 1474 judices
875 1418 949 1460 cum
961 1402 1029 1461 Clo·
1053 1410 1056 1415 “

71 1489 134 1563 dia,
149 1487 285 1548 muliere
301 1505 367 1547 non
396 1487 503 1546 solum
527 1487 639 1560 nobili,
657 1489 713 1547 sed
735 1489 832 1548 eliam
855 1495 931 1549 nota
947 1492 975 1563 3;
991 1492 1029 1550 de

71 1578 298 1656 quaegonilril
323 1578 438 1649 dicam,
454 1577 516 1636 nisi
537 1577 719 1653 depellendi
745 1578 891 1637 criminis
921 1596 1028 1640 causa.

72 1670 120 1729 ³⁶2.
159 1667 221 1728 Sed
252 1667 413 1744 intellegis
454 1684 511 1743 pro
554 1670 609 1726 lua
648 1669 813 1744 praestanti
847 1669 1028 1746 prudentia,

71 1760 126 1820 Cn.
146 1758 266 1818 Domiti
280 1760 301 1833 ³,
319 1774 394 1816 cum
411 1755 551 1816 lracsola
566 1773 721 1816 ramesse
737 1757 843 1818 nobis.
859 1759 935 1829 Quae
952 1759 979 1817 si
998 1776 1033 1819 se

72 1867 189 1909 aurum
206 1848 300 1908 Caelio
314 1845 540 1907 commodasse
562 1862 628 1904 non
648 1845 737 1915 dicit,
760 1847 786 1906 si
803 1865 965 1908 venenum
992 1850 1031 1908 ab

72 1939 134 1998 hoc
148 1938 209 1997 sibi
226 1940 372 2015 paratum
380 1952 460 1995 esse
474 1952 539 1993 non
556 1935 671 2011 arguit,
686 1937 868 2012 petulanter
881 1937 1030 2010 iacimus

71 2028 98 2087 si
114 2031 254 2086 matrem
268 2021 427 2084 familias⁵
441 2041 547 2092 secus,
565 2041 662 2099 quam
677 2029 900 2084 matronarum
918 2026 1034 2085 sancti·

72 2121 120 2177 tas
137 2114 289 2194 postulat,
311 2115 535 2175 nominamus.
565 2113 630 2182 Sin,
662 2114 723 2172 isla
746 2114 880 2174 muliere
896 2119 1032 2182 remota,

70 2222 132 2266 nec
148 2205 272 2273 crimen
287 2203 472 2278 ullum‚nec
487 2221 565 2280 opes
582 2203 621 2262 ad
635 2206 887 2281 oppugnandum
901 2203 1032 2263 Caelium

70 2295 136 2355 illis
150 2294 388 2370 relinquuntur,
405 2294 481 2369 quid
503 2297 552 2352 est
581 2291 679 2365 aliud,
704 2291 789 2368 quod
817 2309 876 2352 nos
903 2294 1028 2369 patroni

70 2385 181 2446 facere
196 2383 385 2455 debeamus,
401 2383 462 2442 nisi
479 2387 515 2442 ut
530 2399 597 2455 eos
615 2383 669 2459 qui
692 2383 904 2455 insectantur,
926 2384 1034 2461 repel-

70 2473 201 2535 lamus?
217 2471 308 2544 Quod
332 2471 462 2548 quidem
483 2472 623 2530 lacerem
644 2471 881 2546 vehementius,
904 2473 966 2531 nisi
989 2473 1034 2530 in-

71 2562 278 2624 tercederent
291 2562 371 2621 mihi
389 2561 566 2620 inimicitiae
581 2578 654 2620 cum
676 2561 770 2619 istius
796 2562 944 2621 mulieris
964 2563 1032 2621 viro

70 2689 111 2699 -
124 2653 223 2712 fratre
234 2651 322 2711 volui
335 2650 440 2712 dicere
450 2666 456 2726 ;
468 2668 597 2728 semper
608 2651 660 2710 hic
670 2668 751 2710 erro.
762 2652 853 2711 Nunc
864 2669 957 2728 agam
969 2669 1036 2709 mo-

71 2857 198 2903 recueillis
212 2855 401 2956 garlesaodolcs
413 2855 532 2899 membres
586 2855 644 2909 quod
665 2856 757 2898 nobiles
777 2861 829 2897 suut
846 2868 910 2910 qrtum
929 2855 1039 2911 nlljuruut

73 2914 146 2957 d'uue
160 2912 209 2954 soci
227 2908 248 2954 te
264 2909 352 2954 secrete
367 2909 457 2952 iormr'e
473 2919 532 2962 pour
586 2908 644 2962 punt
654 2911 703 2951 noli
719 2914 778 2950 rum.

74 2963 532 3018 achelmlossuffragcsauuedleclion
614 2961 632 3003 l.
651 2964 690 3003 l’n.
707 2962 798 3004 Dorida.
824 2964 858 3004 La
882 2974 955 3006 cause
982 2963 1039 3006 erait

74 3032 106 3065 ou
113 3028 175 3074 pour
185 3015 532 3070 formeruucomplctl'oirles
588 3015 679 3069 plaidee
694 3016 779 3059 dcvaul
796 3018 817 3058 le
830 3017 924 3070 preleur
934 3018 978 3060 Cu.
992 3019 1038 3059 Do-

74 3068 531 3126 notesrdelapdseetiuelapaol.
588 3070 669 3111 mitius
707 3069 831 3119 Calvinus,
864 3074 964 3113 souveul
993 3068 1039 3113 cilo

102 3127 124 3172 1.
141 3128 276 3172 Canuleium.
298 3125 356 3168 l'oir
371 3125 395 3167 la
412 3127 466 3166 nole
479 3124 491 3165 3
504 3122 532 3165 de
588 3133 645 3165 avec
660 3122 738 3176 dloges
757 3134 799 3176 par
818 3124 925 3166 Ciceron.
947 3124 1040 3166 Tribun

77 3182 100 3224 la
115 3192 137 3236 p.
153 3179 204 3226 all.
588 3174 660 3224 entll,
674 3174 769 3229 preteur
780 3187 809 3219 en
819 3177 855 3225 56,
874 3177 891 3218 il
906 3177 943 3220 lut
955 3178 1039 3220 consul

103 3233 313 3278 animandae
328 3233 426 3287 rupture
444 3231 533 3273 cruelle
589 3240 617 3272 on
632 3228 667 3272 53.

78 3287 198 3343 (discinde,
220 3287 344 3340 dechirer).
361 3309 385 3319 -
408 3285 465 3327 l'oir
479 3283 532 3336 l'ap·
613 3282 632 3324 5.
653 3281 751 3323 Matrem
780 3284 891 3337 surrrilius.
915 3285 949 3326 La
970 3290 1042 3326 uiliter·

78 3341 211 3387 preclarior
236 3340 265 3384 de
291 3351 317 3384 ce
350 3348 450 3393 passage
472 3337 532 3379 dans
586 3335 687 3391 [muilier
697 3339 734 3378 est
749 3347 805 3380 sous
815 3337 840 3379 la
850 3338 979 3392 pulseance
993 3349 1046 3378 ma-

81 3390 225 3445 Quintilien,
239 3393 297 3434 lost.
311 3392 361 3441 Or„
377 3395 400 3440 l',
414 3404 465 3434 xur.
588 3389 668 3439 ritalc,
678 3401 738 3433 sous
747 3390 867 3434 larumms
878 3402 912 3433 ou
942 3390 1061 3431 susanne

101 3450 122 3492 3.
140 3446 242 3487 rlbbili...
262 3450 323 3485 nola.
344 3447 389 3487 Jeu
410 3445 440 3488 de
466 3447 529 3487 mols
588 3444 620 3488 du
638 3445 928 3501 mari3lamutronnesl
951 3442 1077 3494 alnmmc

66 3498 173 3539 familior
182 3496 198 3538 a
208 3496 314 3538 ciceron.
329 3498 365 3539 Cf.
379 3496 408 3538 In
424 3498 527 3549 Verrem,
589 3497 698 3552 marite,
719 3501 838 3546 soumisc
851 3512 890 3543 on
900 3508 958 3540 uon
973 3496 1080 3535 souma*

60 3546 81 3596 1,
102 3560 131 3594 Vr,
141 3546 171 3589 15
185 3547 259 3587 :Non
279 3553 326 3589 tam
342 3551 473 3601 alnpedr'uut
491 3566 526 3594 mc
590 3555 644 3602 ala
661 3558 808 3613 pulssnuce
821 3555 856 3599 du
867 3553 954 3598 msn.

906 3646 966 3700 Ἃ.
