2250 3818
266 197 291 257 ι’
310 224 323 251 (ι
341 214 427 259 acue
448 214 584 259 uacuum
606 216 635 257 ru
657 217 683 257 u.
709 214 828 257 vuuuuu
845 221 858 249 »
983 200 1041 256 rau

79 356 184 424 esset,
202 353 311 411 tamen
325 354 394 410 tum
410 368 444 411 se
460 352 495 409 iu
515 350 571 410 ille
596 353 764 409 conventu·
780 350 900 409 civium
926 351 1041 409 Rema-

77 457 201 499 norum
218 440 293 501 dare
309 440 440 513 donare,
458 440 565 500 dicare
579 441 601 509 ¹,
618 456 809 499 consecrare
824 440 896 499 tovi
912 439 1041 516 Optimo

79 530 234 604 Maximo,
258 535 441 608 testamque
467 531 576 607 ipsum
597 530 712 591 iovem
729 546 794 589 sua·
810 529 987 590 voluntatis
1005 548 1042 590 aa

79 619 239 697 religonis
254 621 418 681 adbibere.

119 738 214 796 XXX.
232 738 307 808 Quae
322 754 395 807 vox,
409 755 479 814 quaa
494 736 606 810 latera,
621 755 692 813 quae
705 736 812 796 vires²
828 737 871 795 bu
874 737 929 812 jus
944 737 1042 795 unius

79 826 230 887 criminis
245 825 481 903 querimoniam
494 831 632 903 possunt
652 825 833 886 sustinere?
853 826 917 884 Rex
935 826 1042 885 Antio-

79 915 175 985 abua
191 916 248 994 qui
264 916 374 977 Roma
389 921 462 976 auia
475 916 586 976 oculus
603 915 750 975 omnium
768 920 928 981 nostrum,
951 914 1041 973 bieu-

79 1006 174 1065 nium
201 1004 279 1077 fere,
308 1006 465 1066 comitatu
479 1004 581 1081 'regio
602 1007 699 1080 atque
722 1008 836 1063 ornatu
864 1003 989 1076 suisset,
1014 1003 1041 1061 is

81 1112 156 1155 cum
177 1095 303 1156 auribus
318 1099 350 1155 et
365 1095 474 1154 suaius
498 1094 608 1171 pepuli
633 1093 769 1153 Roruaui
792 1098 888 1165 esset,
914 1093 1042 1153 amicia-

79 1185 167 1243 simo
192 1189 293 1262 patre,
311 1202 382 1256 are,
404 1184 595 1260 majeribus,
615 1184 875 1260 antiquissimis²¹
887 1187 918 1242 et
933 1182 1042 1242 elaris-

81 1275 176 1335 aimis
210 1275 352 1353 regibus,
389 1273 636 1350 opulentissimo
681 1277 713 1333 et
751 1276 893 1332 maximo
929 1289 1039 1348 regua,

82 1380 228 1441 praeceps
256 1363 424 1441 provincia
453 1362 565 1439 populi
595 1362 732 1421 Romani
767 1362 953 1421 exturbatus
981 1365 1039 1420 est.

38 1516 40 1523 ,
82 1454 131 1515 bb,
146 1453 250 1524 Quem
262 1452 446 1512 admodum
458 1453 520 1511 hoc
537 1455 724 1528 accepturas
738 1453 887 1511 nationes
903 1453 1039 1515 exteras,

38 1574 43 1609 ς
85 1560 180 1620 quam
194 1541 379 1602 admodum
395 1541 494 1617 hujus
510 1541 557 1601 tui
571 1541 646 1600 tacti
662 1540 783 1600 tamam
800 1541 833 1599 in
849 1556 948 1616 regua
963 1540 1042 1599 alio-

38 1656 47 1703 ς.
86 1648 156 1691 rum
180 1636 277 1708 atque
303 1631 337 1691 in
364 1631 498 1691 ultimas
521 1634 623 1691 terras
657 1634 883 1707 perventuram
908 1630 1039 1706 putasti,

89 1738 158 1781 eum
172 1720 323 1781 audirent
341 1739 361 1780 a
380 1724 517 1798 praetere
531 1720 644 1797 populi
661 1720 798 1781 Romani
824 1720 858 1779 in
876 1720 1043 1797 provincia

38 1808 54 1870 ἱ
90 1810 238 1871 violatum
250 1828 373 1887 regem,
386 1809 560 1889 spoliatum
572 1810 748 1886 hospitem,
760 1811 900 1887 ejectum
914 1810 1040 1870 socium

38 1896 56 1943 ἵ
93 1900 196 1977 papuli
225 1900 373 1967 Romani,
402 1905 497 1976 atque
526 1899 710 1959 amicumt‘?
737 1901 863 1959 Nomen
895 1904 1041 1959 vestrum

97 1990 259 2066 populique
274 1989 421 2061 Romani,
440 1989 525 2057 edio,
543 1993 639 2065 atque
655 1988 820 2049 acerbitati
846 1989 962 2048 scitote
986 2006 1042 2048 ua-

100 2076 228 2139 tiouibus
243 2079 375 2151 exteris,
387 2078 526 2155 pedicas,
541 2078 700 2145 futurum,
718 2079 745 2138 ai
762 2078 856 2143 istius
872 2079 941 2137 haee
955 2082 1042 2138 tauta

104 2164 203 2243 injuria
215 2169 375 2246 impunita
386 2168 584 2233 discesserit.
598 2168 650 2228 Sic
662 2185 778 2229 omues
789 2167 1039 2233 arbitrabuntur.

106 2258 262 2329 presertim
285 2274 361 2319 cum
389 2258 567 2319 barsuma
595 2256 633 2317 de
655 2261 842 2317 nostrorum
869 2256 1040 2316 bominum

109 2347 217 2409 avaritia
231 2352 262 2409 at
282 2346 458 2423 eupiditate
472 2347 720 2424 percrebruerit,
739 2365 805 2405 neu
824 2346 918 2405 istius
939 2345 1040 2405 solius

75 2472 78 2477 -
110 2426 386 2508 incesserimus,
409 2436 465 2499 sed
487 2453 599 2497 eorum
616 2436 724 2509 etiam,
742 2436 796 2512 qui
819 2435 1037 2515 approbarint.

113 2518 178 2585 ttulti
200 2544 302 2605 reges,
327 2526 436 2587 multae
464 2526 573 2586 liberae
598 2526 745 2587 civitates
758 2528 778 2598 ὅ,
809 2526 903 2586 multi
926 2524 1040 2602 privati

113 2614 228 2687 opulenti
242 2620 452 2693 repetentes,
466 2615 586 2676 habent
601 2615 746 2692 proferto
769 2615 802 2674 in
827 2616 935 2675 anima
952 2615 1040 2690 Capi—

40 2752 45 2761 .
114 2698 201 2764 talium
212 2706 260 2767 sie
270 2708 445 2771 ornarem
454 2705 568 2781 templi
582 2704 722 2777 dignitas
734 2705 926 2782 imperiique
937 2704 1039 2763 uestri

112 2795 397 2866 terrendasiderat3
414 2794 512 2870 quisi
532 2793 765 2868 intellexerint,
783 2796 961 2855 interversa
979 2794 1041 2854 boa

131 2957 144 2999 t.
152 2958 209 3021 itare,
219 2961 311 3011 deterre,
321 2959 408 3003 dicere.
422 2962 534 3005 Forurule
589 2962 631 3005 des
642 2964 690 3007 ruis
714 2963 742 3006 de
760 2964 837 3017 Syrie.
856 2961 964 3005 aucun-ee
974 2960 1042 3002 d'rtu-

112 3004 534 3067 *triadicareuummurmurum
590 3016 691 3066 bochus,
719 3018 755 3059 eat
789 3012 904 3059 Seleucus
936 3014 1041 3056 Nieauur

112 3068 168 3109 ruite
191 3081 327 3117 carnaea-ure,
351 3078 410 3121 potu·
443 3068 535 3110 donner
591 3068 641 3111 (312
653 3071 786 3123 aut-a).

59 3134 63 3139 ·
111 3119 183 3173 buada
199 3121 315 3166 aoleuuite
334 3119 348 3163 ir
367 3131 393 3163 aa
411 3121 534 3165 cousecra-
618 3125 637 3163 i.
658 3123 869 3176 Itepem...umicum.
892 3123 1041 3175 Rmumuuer

111 3166 150 3211 ¹¹⁰1!-
590 3176 611 3217 la
626 3177 768 3229 gradatieu:
785 3172 882 3218 l'muitii‘
903 3176 933 3217 du
956 3176 1040 3229 peupte

127 3220 137 3265 i
161 3227 317 3281 ternarum,
334 3228 407 3271 tatere
419 3228 463 3275 (lea
479 3240 534 3282 puu-
589 3230 683 3273 rmuuiu
705 3232 740 3271 ast
752 3240 785 3271 un
797 3230 849 3271 titre
866 3230 918 3282 plue
934 3229 1041 3271 eurisirle-

110 3282 165 3323 marra,
179 3282 328 3336 lammina),
338 3282 394 3322 vires
405 3281 532 3334 (laturre).
589 3284 654 3326 ruble
677 3294 722 3344 que
734 3283 757 3324 la
772 3282 893 3324 condition
908 3283 998 3336 rapula.

108 3336 205 3379 tltterrrble
224 3336 267 3379 deu
287 3335 389 3403 qualiter
406 3336 535 3389 puysiquer
616 3336 639 3380 5.
662 3336 744 3377 Libera
766 3336 875 3377 ciritutea.
913 3335 959 3379 Les
982 3332 1041 3379 citis

108 3378 233 3433 ttoeeeeirea
257 3388 410 3433 iterateur.
439 3388 476 3432 uf.
504 3389 535 3429 Ite
590 3389 777 3443 iudepeudautes
803 3390 843 3442 qui
868 3400 896 3431 ue
921 3391 1043 3441 irruireut

108 3432 214 3535 Sflspticiia
227 3454 277 3487 uxr.
288 3442 336 3487 158.
589 3454 633 3496 pas
648 3443 676 3485 de
689 3444 817 3497 garuisous
831 3443 950 3486 rumaiues
965 3446 987 3487 et
1000 3446 1040 3498 qui

137 3495 327 3551 Antiquissimi&
336 3496 369 3541 Le
380 3497 434 3555 plue
449 3497 535 3541 aucieu
590 3508 619 3538 ue
633 3496 738 3540 drumeut
752 3508 795 3553 pas
808 3496 929 3553 d'impbta.
