2244 3848
184 178 199 208 «
220 172 250 214 m
266 171 300 214 u.
317 170 471 216 mrumuu
484 168 593 213 omno
609 165 774 209 rumerici
791 167 903 210 numni
919 175 933 205 »
982 154 1039 211 507

79 308 215 384 experti.
241 309 270 366 9.
296 308 524 384 Exspectatum
550 304 646 381 igitur
670 305 800 380 tempus
828 303 960 363 aBrute
980 309 1039 364 est.

77 396 156 455 Nam
171 395 279 472 quoad
295 395 478 454 insomnia
499 393 565 469 pati
584 390 673 457 vidit,
691 407 772 450 usus
787 396 836 451 est
852 393 920 469 ipse
939 393 1041 453 incre-

77 481 169 543 dibili
194 484 360 560 patientia.
389 485 603 558 Posteaquam
617 496 674 538 ros
690 480 728 538 ad
744 480 923 540 libertatem
939 484 1041 542 sensit

75 576 213 644 erectm,
231 572 381 649 presidia
393 576 509 632 vestrm
525 570 665 629 libertati
680 571 815 645 pararit.

113 663 154 721 At
174 662 227 722 eui
242 663 325 739 pesti
340 668 359 735 ¹,
389 666 583 740 quanteque
606 659 740 718 restitit!
763 659 795 717 Si
819 661 905 719 enim
922 663 954 722 C.
978 663 1039 722 An-

74 740 197 833 tonius,
224 751 310 828 qnod
337 753 445 810 animo
475 750 667 819 intenderat,
694 749 849 824 perticere
879 753 1039 827 potuisset

73 841 248 919 (potuisset
261 844 381 912 autem,
398 841 460 898 nisi
478 840 549 916 ejus
570 837 683 898 sceleri
697 837 799 896 virtus
816 840 855 896 M.
875 839 961 898 Bruti
984 840 1038 899 eb-

73 930 237 1004 stitisset),
249 929 469 990 Macedoniam
484 931 505 1002 ²,
517 929 693 1007 illyricum,
711 927 866 987 Grrreiam
881 929 1038 1004 perdidis-

72 1036 206 1089 semus;
232 1022 319 1078 esset
341 1018 391 1078 vel
419 1018 659 1095 receptaculum
687 1016 781 1091 pulso
809 1019 958 1083 Antonio,
987 1018 1036 1077 rel

72 1124 171 1185 agger
190 1108 415 1185 oppugnandae
437 1107 535 1167 [tede
556 1107 686 1176 Gradu,
708 1123 779 1181 qun
798 1107 928 1184 quidem
948 1125 1036 1167 nunc

71 1186 111 1256 Μ.
136 1198 225 1256 Bruti
250 1198 399 1274 imperim
426 1197 627 1268 auctoritate,
655 1196 759 1270 copiis
785 1214 850 1256 non
879 1198 1037 1257 instructa

72 1286 194 1359 solum,
224 1287 401 1347 sedetiam
427 1291 549 1354 ornata,
579 1286 681 1347 tendit
710 1285 897 1349 dexterem³
924 1287 1033 1359 italie,

71 1393 236 1452 suumque
255 1375 284 1435 ei
307 1374 495 1452 presidium
513 1375 695 1453 pollicetur.
718 1377 821 1449 Quod,
844 1377 897 1452 qui
921 1377 959 1434 aii
979 1376 1034 1435 ille

70 1464 205 1524 abducit
229 1466 422 1536 exercitum,
449 1470 480 1524 et
502 1471 687 1542 respectum
713 1460 983 1546 putcherrinnnn,
1004 1468 1035 1524 et

69 1553 262 1632 praesidium
275 1555 504 1613 firmissimum
516 1553 630 1614 adimit
642 1557 688 1616 rei
704 1556 853 1633 publicae.
877 1555 924 1612 10.
941 1554 1035 1631 Equi-

70 1643 147 1703 dem
163 1644 271 1720 cupi0‚
290 1644 359 1703 herc
376 1661 472 1719 quam
494 1644 636 1721 primum
656 1646 833 1706 Antonium
854 1643 976 1716 audire,
999 1646 1034 1701 ut

68 1732 248 1810 intellegat,
267 1749 331 1791 non
348 1733 383 1790 D.
399 1733 546 1806 Brutum,
565 1751 662 1809 quem
684 1736 766 1795 vallo
783 1731 1031 1804 circumsedem,

68 1822 129 1882 sed
146 1838 180 1880 se
198 1823 307 1899 ipsum
324 1822 477 1881 obsideri.

106 1955 215 2010 Brutus
228 1960 272 2009 est
288 1955 366 2009 aussi
385 1955 496 2009 devoue
515 1955 533 2010 d
552 1955 581 2010 ln
597 1957 780 2027 Republique
797 1955 974 2029 qu'Antuine
989 1954 1031 2009 lui

69 2039 115 2089 est
129 2035 246 2089 hostile.
264 2035 286 2088 li
302 2052 319 2088 a
335 2036 468 2105 toujours
482 2036 536 2090 fuit
550 2040 611 2090 tout
625 2054 657 2091 ee
675 2038 745 2106 qu'il
761 2055 777 2091 u
791 2055 830 2107 pu
852 2054 927 2107 pour
941 2036 1032 2089 dviter

68 2115 99 2170 la
119 2132 224 2187 guerre
247 2115 332 2169 civile
354 2117 462 2187 'rr-uri).
482 2115 518 2169 Lu
539 2122 622 2170 vertu
638 2117 673 2171 de
696 2120 801 2171 Brutus
821 2117 953 2186 s'uppose
973 2117 988 2168 ἐι
1004 2115 1032 2169 lu

68 2197 230 2267 perversitd
248 2196 404 2250 d'Antuine
426 2195 557 2266 triu-xi).
580 2197 616 2250 Le
632 2197 767 2251 disrours
783 2213 813 2250 se
835 2197 961 2250 termine
977 2211 1031 2265 par

68 2276 96 2330 Ie
113 2277 211 2348 projet
231 2274 300 2331 d'un
318 2276 585 2330 senatur-consulte
607 2277 656 2346 qui
676 2278 818 2330 emitirme
838 2276 942 2330 Brutus
958 2276 1030 2329 dans

69 2372 124 2410 son
139 2355 408 2410 cunimundement.

124 2518 240 2575 'rexte
266 2518 314 2574 du
333 2517 457 2587 projet
481 2517 526 2573 de
547 2516 886 2577 senatus-consulte
908 2520 970 2590 qut

68 2607 241 2664 confir-me
275 2607 415 2663 Brutus
444 2606 539 2662 daus
569 2619 636 2664 son
665 2609 978 2666 commendement
1007 2609 1028 2661 ¹.

110 2759 188 2819 ΧΙ...
204 2761 252 2818 ⁶25.
277 2758 352 2828 Qum
366 2776 441 2817 eum
462 2759 505 2818 ita
524 2759 600 2829 sint,
615 2760 701 2838 quud
719 2763 750 2820 u.
772 2763 885 2836 Pansa,
901 2760 1026 2834 consui,

67 2843 166 2910 'verbu
181 2849 257 2909 iecit
272 2847 310 2906 de
327 2848 454 2921 titteris,
476 2866 546 2925 quer
564 2867 581 2907 a
603 2849 637 2920 Q.
653 2851 800 2929 Crepione
817 2852 914 2910 Bruto
927 2847 948 2923 ⁵,
971 2868 1028 2928 pro

67 3012 188 3055 cummuni
213 3008 310 3052 ciceron
349 3008 458 3062 exutique
487 3007 521 3051 les
603 3007 623 3052 3.
644 3009 724 3052 Tendit
745 3009 869 3051 (terrerum.
889 3010 950 3054 C'est
971 3011 1028 3054 i'en·

68 3065 195 3109 causesde
211 3063 466 3104 ueniretuurdltmnr.
576 3065 684 3116 presumi
706 3065 827 3115 t'raurnise
857 3081 866 3100 «
896 3066 976 3108 tendre
1005 3067 1029 3108 ia

93 3119 113 3161 1,
132 3118 202 3160 lusti,
228 3117 286 3157 i'nir
316 3115 405 3158 tanniu
423 3115 436 3157 5
456 3114 521 3157 driu
576 3119 642 3158 main
653 3131 672 3157 u.

67 3185 88 3226 p.
102 3171 149 3215 ³293
601 3171 621 3212 t.
636 3171 777 3213 erinnnte
787 3171 798 3214 1
810 3171 837 3215 de
851 3173 872 3214 lu
885 3183 909 3225 p.
921 3172 968 3216 5⁰3.
982 3174 1027 3216 Les

93 3226 113 3270 Ξ,
125 3223 293 3266 truculentum.
313 3223 373 3265 Sans
385 3223 480 3265 Brutus,
498 3223 520 3264 lu
576 3223 637 3266 deux
654 3227 728 3266 textus
747 3228 787 3266 unt.
808 3227 830 3268 lu
846 3228 923 3269 meme
941 3228 1027 3280 impur-

66 3280 217 3323 Mucddoine.
233 3276 328 3330 l'ltlyrie
352 3279 374 3318 ut
391 3276 413 3318 la
439 3275 520 3323 tirdcr,
577 3281 645 3319 iancu
656 3279 797 3332 historiqne.

66 3333 169 3388 perdues
185 3343 244 3386 pour
264 3330 285 3372 le
304 3331 363 3383 parti
380 3328 407 3372 de
424 3329 518 3375 l'mdre.
603 3331 625 3372 5.
638 3331 657 3370 A
671 3332 695 3380 (r.
712 3332 816 3384 (sunnone
832 3333 911 3375 Brute,
932 3334 982 3375 Filu
998 3335 1026 3376 de

66 3387 169 3430 serment
181 3379 285 3428 tembdes
301 3395 330 3425 uu
339 3383 439 3436 peuvuir
452 3382 522 3424 d'An·
576 3384 610 3426 M.
624 3385 711 3426 unnim
733 3386 821 3427 Brutus
834 3390 856 3429 et
878 3387 906 3427 de
917 3388 1025 3437 Servilia,

65 3443 138 3487 tuine.
577 3435 661 3491 adepte
684 3449 726 3491 par
751 3450 794 3481 sun
816 3441 884 3482 uncle
910 3441 1025 3485 materne}
