2250 3818
383 211 419 261 ns
442 224 456 255 «
482 216 536 262 nno
559 218 586 261 r.
611 219 711 263 snsuo
735 226 749 256 n
986 202 1043 260 383

81 352 311 415 testimenium
327 352 480 429 praeteriti
498 353 667 430 temporis.
690 354 738 411 il.
758 352 861 428 Atque
880 352 944 410 illis
962 356 1043 411 tcm-

82 444 221 523 poribus
238 440 374 515 eisdem,
391 460 466 502 eum
480 442 550 519 jem
564 443 705 520 Capuam
721 446 810 501 metu
824 440 948 501 Sestius
963 441 1045 500 libe-

81 536 201 607 rasset,
213 532 328 592 urbem
343 535 476 591 senatus
491 536 586 608 etque
601 548 714 591 omnes
729 531 817 605 honi,
833 530 1044 607 deprehensis

80 626 180 701 atque
210 621 377 699 oppressis
398 620 588 680 domesticis
618 620 778 693 hostibus,
811 636 861 678 me
886 619 978 692 duce,
1005 636 1045 678 ex

80 710 239 791 periculis
248 710 398 770 maximis
410 710 636 782 extraxissent,
652 727 710 786 ego
726 709 841 768 litteris
855 710 887 768 P.
903 709 1043 768 Sestium

79 802 190 879 Capua
206 800 359 861 arcessivi
379 817 455 860 eum
471 798 526 859 ille
548 800 703 875 exercitu,
721 816 818 877 quem
837 803 906 858 tum
931 816 1043 858 secum

23 944 38 958 ,.
80 890 232 951 habehat.
248 888 371 959 Quibus
382 888 435 947 hic
444 887 562 947 litteris
578 888 671 947 lectis
687 886 726 946 ad
738 887 854 946 urbem
871 886 1044 946 confestim

79 974 266 1039 incredibili
281 978 446 1038 celeritate
468 977 642 1037 advolavit.
668 976 784 1053 Atque,
803 981 839 1035 ut
860 975 948 1034 illius
965 980 1044 1035 tem-

28 1118 36 1131 .
78 1068 169 1147 poris
200 1068 402 1127 atrocitatem
424 1066 588 1127 recordari
614 1066 760 1143 possitis,
777 1067 884 1126 audite
908 1066 1042 1134 litteras,

22 1207 26 1215 .
78 1160 110 1219 et
137 1161 283 1217 vestrum
304 1157 500 1218 memoriam
526 1157 566 1217 ad
592 1157 719 1217 timoris
741 1157 895 1235 preteriti
923 1157 1044 1233 cogita-

22 1278 37 1325 ¹.
80 1248 206 1309 tionem
220 1246 367 1308 excitate.
386 1247 726 1307 errenn¹C1ennoms
745 1264 896 1308 cessonis.

22 1378 26 1388 ·
117 1355 156 1415 V.
170 1356 239 1415 Hoc
253 1354 393 1415 adventu
410 1355 443 1412 P.
461 1354 569 1428 Sestii,
586 1353 792 1414 tribunorum
816 1352 920 1431 plebis
945 1372 1044 1413 noro-

77 1446 184 1517 rum²,
203 1445 352 1521 quitum,
368 1444 518 1504 extremis
543 1442 656 1503 diebus
679 1443 868 1502 consulatus
889 1444 965 1514 mei,
992 1461 1043 1504 res

78 1552 149 1610 eas,
174 1551 257 1611 quas
293 1550 469 1612 gesseram,
492 1550 606 1593 vexere
637 1532 818 1609 cupiebant,
846 1533 1042 1609 reliquaeque

80 1622 318 1701 conjurationis
334 1622 477 1700 impetus
489 1626 520 1681 et
533 1626 668 1681 conatus
678 1627 754 1681 sunt
762 1623 925 1681 retardati.
943 1625 990 1680 12.
1000 1623 1043 1681 Ac

78 1717 295 1791 posteaquem
310 1715 360 1771 est
376 1712 587 1791 intellectum,
608 1714 646 1770 M.
665 1713 782 1772 Catone
793 1714 814 1785 ²¹,
832 1712 961 1771 tribuno
978 1712 1042 1788 ple-

78 1804 142 1876 bis,
160 1802 342 1863 fortissimo
360 1805 454 1878 etque
471 1801 594 1878 optimo
615 1801 695 1874 cive,
720 1818 789 1861 rem
807 1802 972 1878 publicam
989 1801 1044 1861 de·

77 1892 244 1966 tendente,
260 1909 318 1970 per
336 1909 370 1951 se
387 1891 496 1968 ipsum
511 1896 661 1951 senatum
683 1893 908 1968 populumque
924 1893 1043 1951 Rome-

77 1996 170 2053 num,
187 1980 258 2039 sine
269 1978 587 2056 militumpreesidio,
599 1979 682 2038 tueri
699 1979 792 2039 facite
803 1979 972 2057 majestate
985 1998 1043 2040 sus

78 2068 271 2147 dignitatem
285 2086 410 2141 eorum,
433 2067 488 2145 qui
510 2068 649 2128 salutem
673 2086 884 2129 communem
899 2070 1042 2146 periculo

78 2176 138 2219 suo
153 2158 389 2231 defendissent,
403 2156 540 2231 Sestius,
554 2175 628 2217 cum
646 2157 700 2217 illo
716 2176 775 2219 suo
786 2160 941 2232 exercitu,
953 2176 1042 2218 sum·

78 2266 133 2309 rna
152 2247 318 2309 celeritate
339 2248 371 2309 C.
397 2246 575 2306 Antonium
594 2254 790 2309 consecutus
814 2254 874 2309 est.
903 2249 958 2309 liic
983 2266 1042 2327 ego

79 2338 157 2417 quid
172 2337 361 2415 praedicem,
378 2337 497 2414 quihus
521 2337 574 2397 hic
596 2339 694 2397 rebus
710 2340 881 2399 consulem
902 2343 1045 2416 quaestor

22 2488 24 2494 ,
79 2428 204 2488 adrem
219 2427 393 2504 gerendam
409 2427 566 2500 excitarit,
592 2445 674 2504 quos
690 2429 842 2489 stimulos
864 2429 1044 2489 admoverit

79 2516 216 2591 homini,
227 2517 374 2577 studioso
386 2516 522 2576 sortasse
535 2516 689 2592 victoriae,
708 2518 765 2578 sed
781 2523 888 2579 tamen
902 2520 1042 2579 nimium

80 2622 290 2667 communem
304 2607 454 2667 Martem⁴
467 2607 543 2666 belii
556 2623 736 2684 casumque
756 2609 941 2669 metuenti?
961 2612 1043 2667 Lon-

22 2742 25 2747 .
80 2714 156 2773 gum
170 2701 221 2757 est
235 2715 273 2756 ea
291 2697 408 2771 dicere,
426 2696 482 2756 sed
493 2696 554 2756 hoc
570 2697 665 2757 breve
682 2697 799 2758 dicam.
817 2698 849 2757 Si
866 2701 904 2757 M.
927 2698 1042 2757 Petreii

80 2802 144 2846 non
156 2786 319 2847 excellens
335 2787 476 2860 animuS,
492 2789 523 2845 et
548 2788 700 2848 amorrei
715 2789 865 2865 publice,
878 2804 944 2846 non
962 2805 1043 2864 pree-

80 2878 168 2935 stans
186 2876 263 2936 inre
277 2876 405 2955 publica
417 2876 531 2951 virtuS,
544 2893 610 2935 non
626 2893 756 2937 summa
771 2878 946 2937 auctoritas
958 2877 1042 2954 apud

105 3020 122 3059 i.
131 3018 232 3059 Littera
248 3018 311 3061 Getie
328 3018 395 3061 lettre
414 3017 526 3061 officiellc
583 3016 643 3061 dein
656 3020 752 3062 brriaiile
765 3022 845 3062 rnnire
857 3032 901 3062 son
912 3020 959 3061 ami
971 3020 1035 3062 Criti-

22 3092 24 3099 ·
79 3069 114 3113 n'e
123 3082 167 3125 pas
177 3068 214 3115 dte
225 3073 345 3115 recueillis.
360 3072 421 3117 dans
431 3073 453 3115 in
469 3083 521 3115 cor-
583 3072 643 3116 lina.
657 3074 692 3114 nn
704 3074 753 3116 lieu
763 3074 791 3116 do
803 3072 941 3116 semettred
956 3074 978 3115 ln
992 3075 1037 3115 ure

78 3132 112 3167 rex
144 3124 238 3168 ndance
251 3125 280 3169 dc
289 3124 399 3169 ciceron.
583 3126 624 3168 des
632 3129 685 3169 trun
695 3127 891 3175 iescmrsnluires,
899 3127 913 3168 il
922 3137 947 3169 se
955 3126 977 3169 iit
986 3138 1038 3179 por-

117 3177 526 3223 ..i'orornmParmicesnomennx
584 3183 619 3222 ter
646 3180 750 3225 incudm
773 3181 827 3222 e'est
844 3191 887 3222 son
905 3182 1037 3223 lientenant

79 3227 241 3275 kihuxrsetait
258 3234 287 3283 Q.
310 3234 419 3276 Meteilus
440 3234 526 3286 Nepos.
584 3235 693 3276 Petreius
710 3234 978 3288 quix'ainqnitl'mnnee
996 3235 1038 3277 des

79 3284 212 3379 t'oirffdss'.
330 3340 334 3349 Ι
584 3284 701 3339 insurges.
728 3287 916 3359 ixieutennn't'dc
935 3287 1037 3340 Pcnmee

101 3338 147 3384 3..
170 3338 349 3383 drauscium
366 3339 451 3394 pass,
466 3339 526 3385 Μ.
585 3341 685 3394 pendmrt
712 3341 962 3395 lagner·1·eeurle,en
985 3342 1037 3383 der-

102 3390 124 3437 i.
144 3394 287 3435 Communem
308 3394 414 3436 Junrrm.
428 3395 486 3437 Voir
508 3396 530 3436 lu
585 3396 636 3436 nier·
671 3396 708 3436 i'ut
743 3396 829 3437 rainen
861 3405 902 3447 pru·
930 3397 1000 3436 crsnr
1026 3396 1038 3437 d

22 3480 27 3489 .
80 3446 197 3491 rrote5de
211 3448 234 3489 iu
248 3446 327 3500 pest.
339 3449 458 3491 Arruntius
472 3448 530 3491 eluit
584 3449 898 3502 'l'irnpsnszPetreiusctir
915 3450 949 3491 roi
975 3450 1040 3492 -lulm

79 3510 120 3555 pen
139 3500 263 3555 ‹hspes-eu
280 3504 355 3545 tenter
375 3502 409 3545 les
424 3504 528 3546 chauces
584 3502 767 3546 s'entretnerent
790 3513 850 3557 pour
872 3514 901 3545 ne
927 3514 969 3557 pas
990 3504 1043 3547 cire
