2250 3818
233 192 260 263 r’
277 226 291 257 α
308 220 393 264 aerio
415 210 549 265 saeuum
571 218 601 263 ru
622 218 649 262 c⁴
675 209 796 260 vunnim
814 225 828 253 »
952 200 1010 258 ⁹203

44 374 88 418 ria
103 359 343 418 consecratam.
359 356 426 415 lloo
439 372 516 416 oum
527 359 641 415 ceterae
662 352 773 431 gentes
797 353 843 414 sic
856 353 1012 414 arbitran-

44 450 110 517 tur,
123 451 197 506 tum
211 445 291 523 ipsis
310 445 427 505 Siculis
443 448 510 505 tam
523 460 716 521 persuasum
729 447 790 511 est,
799 448 834 502 ut
847 442 1010 503 inanimis

45 552 163 597 eorum
174 535 312 595 insitum
335 538 431 611 atque
449 535 597 594 lunatum
616 550 689 593 esse
703 533 860 592 videatur.
883 534 962 592 Nam
979 535 1011 591 'et

45 629 227 686 natasesse
244 624 303 684 bas
319 624 353 683 lu
368 624 407 684 iis
428 624 509 684 loeis
527 622 616 693 deus,
638 627 670 683 et
690 623 798 700 fruges
821 622 854 681 in
876 639 913 681 ea
925 624 1011 680 terra

47 715 195 793 primum
208 716 352 792 repertas
368 713 574 785 arbitrantur,
586 716 619 773 et
629 715 753 790 raptum
764 729 836 771 esse
848 711 1008 779 Liberam,

49 821 147 881 quam
163 802 314 863 camdem
330 803 557 879 Proserpinam
575 804 701 869 vocant,
716 818 756 860 ex
769 800 1009 861 llennensium¹

49 909 196 963 nemore,
225 892 280 969 qui
299 890 402 972 locus,
424 892 510 969 quod
532 891 567 950 in
586 890 694 950 media
713 895 762 950 est
788 889 895 949 insula
915 889 1009 952 sitne.

14 972 20 983 '
49 982 226 1043 umbilicus
242 981 360 1041 Siciliae
372 982 384 1015 ²
395 982 592 1041 nominatur.
610 981 714 1051 Quane
726 998 802 1040 cum
816 979 1010 1054 investigere

50 1076 81 1131 et
93 1071 288 1148 conquirere
304 1072 399 1131 Ceres
412 1071 519 1141 vellet,
537 1069 654 1129 dicitur
670 1069 890 1129 inflammasse
909 1068 1008 1128 tedas

51 1158 88 1219 iis
102 1160 248 1237 ignibus,
265 1160 321 1237 qui
337 1178 377 1221 ex
391 1162 491 1221 AEtuae
507 1159 627 1219 vertice
639 1164 829 1236 erumpunt;
849 1176 929 1236 quas
946 1157 1008 1217 sibi

50 1249 210 1326 cumipse
229 1250 406 1326 praeferret,
421 1249 534 1309 orbem
550 1266 682 1308 omnem
698 1265 887 1325 peragrasse
911 1252 1010 1307 terra-

53 1355 135 1400 rum.

10 1512 19 1519 ..
89 1438 159 1497 lili.
177 1439 290 1498 Henna
313 1441 434 1509 eutem,
460 1437 515 1497 ubi
535 1452 583 1499 ea.
619 1452 689 1513 quie
708 1436 791 1499 dieo,
822 1438 913 1512 gesta
936 1452 1008 1495 esse

10 1562 27 1603 ·.,;
57 1529 286 1598 memorantur,
298 1531 347 1586 est
363 1527 434 1587 loco
454 1526 642 1604 perexcelso
663 1530 757 1603 atque
775 1525 874 1591 edito,
895 1542 958 1602 quo
976 1527 1009 1584 in

10 1606 28 1693 ξ’
59 1630 180 1675 summo
196 1621 246 1675 est
260 1620 385 1693 aequata
401 1616 468 1695 agri
489 1616 651 1693 planities,
670 1619 702 1675 et
723 1632 814 1690 aquae
834 1631 1007 1692 perennes.

61 1702 211 1765 letavere
223 1706 262 1765 ab
275 1706 365 1765 omui
376 1705 465 1765 aditu
475 1705 679 1778 circumcisa,
690 1711 785 1781 atque
797 1703 926 1764 derecta
936 1708 986 1764 est
999 1722 1007 1778 ;

10 1788 36 1877 ξ
65 1806 150 1867 quarn
169 1795 255 1855 eirca
274 1794 363 1855 lacus
383 1795 512 1873 lucique
532 1798 608 1855 sunt
628 1793 771 1871 plurimi,
794 1799 890 1872 atque
912 1794 1009 1853 laetis-

68 1879 236 1945 similiores
252 1885 342 1943 omni
358 1889 504 1962 tempore
516 1884 604 1958 anni,
631 1883 722 1944 leons
738 1888 774 1942 ut
790 1884 860 1961 ipse
880 1889 1008 1961 raptum

71 1965 146 2031 illum
166 1973 310 2050 virginis,
327 1992 425 2051 quem
438 1974 506 2050 jam
523 1990 541 2032 a
556 1973 665 2051 pueris
686 1974 884 2050 accepimus,
902 1974 1008 2034 decla-

46 2082 61 2141 :'
74 2072 127 2118 rure
149 2061 304 2123 videatur.
331 2064 457 2123 Etenim
480 2080 579 2141 prope
596 2067 647 2123 est
667 2064 822 2140 spelunca
846 2063 1005 2139 (praedam,

76 2161 206 2211 conversa
219 2152 260 2213 ad
274 2152 478 2230 Aquilonem,
490 2152 616 2213 iuimita
627 2152 808 2223 altitudine,
828 2168 892 2229 qua
902 2152 1007 2211 Ditem

79 2240 176 2309 patrem
188 2241 294 2302 ierunt
305 2246 436 2320 repente
448 2258 523 2301 eum
535 2258 632 2301 curm
640 2241 815 2307 exstitisse,
824 2242 1008 2317 abreptam-

10 2372 16 2379 .
52 2397 55 2404 Ι
81 2336 125 2397 que
135 2345 170 2388 ex
183 2347 220 2391 eo
233 2331 305 2391 loce
318 2331 478 2408 virginem
494 2348 606 2390 secum
627 2335 823 2408 asportasse,
852 2334 884 2390 et
899 2329 1007 2389 subito

58 2448 62 2455 ·
81 2416 225 2497 senlenge
240 2437 259 2479 a
274 2420 443 2498 Syracusis
458 2425 647 2499 penetrasse
667 2420 728 2479 sub
749 2424 862 2487 terras,
884 2420 1008 2480 lacum-

12 2560 15 2565 .
82 2506 180 2573 quein
195 2527 233 2569 eo
248 2509 320 2569 loco
340 2515 472 2588 repente
493 2510 672 2582 exstitisse
697 2509 753 2568 ubi
768 2527 871 2587 usque
886 2510 925 2569 ad
946 2511 1008 2570 boc

83 2588 179 2671 tenpus
200 2599 393 2676 Syracusani
415 2599 516 2660 festos
537 2599 606 2659 dies
630 2599 870 2659 anniversarios
896 2605 1006 2677 agunt,

83 2678 259 2747 oisterrimo
277 2688 422 2748 virerum
438 2688 677 2765 mulierumque
696 2693 866 2749 conventu.

108 2796 190 2864 llll.
206 2806 339 2882 Propter
369 2804 467 2883 hujus
500 2805 663 2882 opinionis
691 2809 899 2879 vetustatem,
921 2806 1008 2883 quod

82 2876 168 2951 homin
180 2892 213 2952 in
224 2893 264 2953 iis
275 2892 358 2954 locis
370 2894 518 2973 vestigia,
530 2912 567 2954 ac
581 2904 682 2972 prope
702 2894 900 2954 incunabula
914 2908 1007 2972 repe-

79 3046 186 3147 pp‘rmtpute
198 3053 220 3095 la
236 3052 500 3148 tepeseatbecbarme,
558 3053 596 3097 132
610 3067 649 3115 aij.
666 3056 753 3117 ¹¹:1⁰³·
770 3109 783 3121 ,,
801 3108 822 3117 ,,
945 3110 950 3119 .

10 3126 36 3149 Ι.
154 3118 187 3157 pfl·
208 3106 235 3149 dc
271 3120 286 3148 a
310 3107 378 3149 Gracc
401 3109 501 3162 entique,
581 3107 604 3151 2.
621 3108 740 3149 lrirbrlrcue
757 3109 850 3151 bacilia.
865 3110 897 3152 lle
916 3120 1003 3159 niente,

21 3214 36 3221 ..
77 3146 501 3244 politanus,saturer-,lempelo
556 3162 700 3214 Delpbesosl
717 3163 737 3204 le
756 3165 844 3212 sortire,
859 3163 879 3204 le
902 3163 1006 3205 umubril

101 3210 151 3253 mli·
556 3211 688 3286 (ὀμφαλός)
700 3225 732 3267 du
743 3224 838 3269 monde.

94 3270 266 3319 tllemmuiroo.
286 3268 497 3342 noriuaffblwa),
558 3274 562 3287 “
579 3289 601 3327 3.
616 3280 750 3341 inertiaque.
770 3288 800 3327 lie
811 3287 933 3340 larCyami
948 3287 1007 3329 ilum

76 3336 209 3382 *amimae
228 3338 283 3390 l'ile,
298 3336 390 3384 celebre
400 3350 443 3402 par
454 3352 498 3386 son
553 3340 627 3397 livide
646 3343 742 3383 recente
766 3340 874 3391 l'oripine
893 3340 954 3381 «lans
971 3352 1003 3382 uu

75 3380 170 3439 irrumpe
180 3392 250 3437 orrea
260 3396 330 3447 etpar
343 3394 364 3438 le
375 3396 440 3457 siege
450 3405 497 3450 que
553 3394 647 3446 episoile
658 3397 698 3448 qui
707 3394 810 3448 reppello
819 3394 839 3437 lo
847 3394 888 3447 juli
900 3406 1005 3449 papsage

33 3472 37 3479 -
73 3432 204 3489 &sclavos
227 3446 346 3503 lugititsy
363 3450 498 3492 soutrnrent
552 3447 677 3500 decritpar
692 3448 793 3491 ciceron
810 3447 921 3499 (lirrosa,
937 3450 1001 3493 issi.

72 3496 497 3556 erubelesarmiescomulairessstb-
551 3498 657 3553 :itt-437).
