2244 3848
96 80 111 111 t(
129 74 160 116 lu
178 72 210 114 u.
229 70 386 113 auronum
402 72 510 114 ‹rnnrlo
529 70 695 114 PHILIPPICA
710 71 817 115 TERTIA
833 74 944 118 DECIMA
962 85 975 114 n
1004 56 1062 120 525

94 213 184 269 reete
207 208 384 266 veneticam
407 207 561 284 appellas
583 224 600 266 a
621 224 685 284 quo
700 207 757 266 tibi
779 215 973 286 presentem
989 231 1061 291 pos·

94 302 164 359 tem
178 296 270 356 vides
287 301 520 373 comparatam.
540 318 554 349 «
578 298 617 355 t't
635 313 732 372 quam
754 299 1003 373 potentissimus
1020 301 1061 362 sit

93 386 227 446 Cassius
252 389 348 462 atque
371 386 498 445 Brutus.
530 410 544 439 n
576 386 673 444 Putes
699 385 914 448 Censorinum
941 391 1058 473 dicere,

91 479 148 535 aut
163 473 363 542 Ventidium,
382 479 438 534 aut
454 474 552 534 otiam
567 474 656 551 ipsos
670 475 827 534 Antonios
841 478 862 534 ¹.
877 478 1057 540 Curautem

93 563 204 623 nolint
226 564 374 640 potentes
396 580 480 638 osse,
504 581 570 622 non
589 562 686 622 modo
705 565 847 640 optimos
870 570 900 625 et
924 569 1059 629 nobilis-

92 653 197 713 simos
207 644 306 725 iiras,
317 652 373 711 sed
386 669 497 712 seeum
507 652 605 712 etiam
616 653 648 710 in
661 652 707 711 rei
719 652 855 729 puhlioa·
869 654 1058 719 defensione

92 741 312 820 conjunctos?
330 763 343 794 e
361 742 520 799 Nimirum
538 741 653 800 eodem
676 740 773 801 modo
792 742 860 802 lure
877 743 1056 821 adspicite,
1102 793 1105 799 .

90 836 126 890 ut
143 830 262 908 priora.
282 854 297 882 »
313 829 389 899 Quae
407 829 559 890 tandem?
577 854 591 884 «
605 832 714 890 Castra
727 831 872 908 Pompeii
887 837 1057 894 senatum²

89 920 317 998 appellabatis,
336 943 381 980 »..

131 1047 194 1107 XV.
220 1047 311 1106 Nune
338 1046 463 1122 reliqua
489 1047 654 1106 attendite.
683 1046 841 1107 «Victum
866 1049 1055 1111 Ciceronem

87 1137 207 1198 ducam
229 1135 401 1196 habuistis.
421 1159 435 1190 »
451 1137 495 1194 Eo
518 1136 673 1197 libentius
701 1135 818 1196 duoem
844 1139 951 1213 audio,
968 1141 1055 1217 quod

87 1230 175 1287 certe
192 1225 246 1285 ille
262 1224 341 1285 dieit
355 1225 474 1284 inritus
489 1241 495 1282 :
512 1242 586 1285 nam
605 1225 644 1287 de
661 1250 674 1279 e
698 1225 783 1285 vieto
801 1250 814 1281 »
834 1227 915 1286 nihil
928 1229 1051 1289 labero.

88 1316 204 1376 Fatum
223 1314 312 1374 enim
336 1332 447 1374 meum
468 1316 528 1384 est,
561 1315 631 1374 sine
657 1331 691 1373 re
719 1315 859 1392 publiea,
887 1334 947 1378 nee
968 1319 1053 1378 vinei

87 1421 196 1482 posse,
219 1421 280 1464 neo
304 1404 444 1463 rinoere.
470 1427 484 1457 (ι
512 1403 731 1463 Macedoniam
764 1406 898 1465 munitis
930 1408 1054 1467 exerei-

88 1493 188 1554 tilrus.
209 1517 223 1547 »
239 1495 276 1553 Et
291 1494 424 1570 quidem
445 1492 533 1552 tratri
549 1496 617 1564 tue,
636 1494 691 1569 qui
708 1494 833 1554 arabis
853 1494 934 1555 nihil
952 1496 1048 1573 dege·

85 1587 189 1655 nerat,
207 1584 417 1643 extorsimus.
440 1608 452 1635 «
471 1581 613 1642 Africam
633 1583 849 1643 commisistis
869 1586 951 1645 l'aro
964 1588 974 1617 ²¹
1000 1586 1050 1647 bis

86 1677 192 1750 capto.
213 1696 228 1724 t>
250 1673 306 1731 llio
326 1689 402 1731 euru
424 1671 499 1731 Caio
513 1672 521 1705 '⁴
536 1671 633 1730 tratre
656 1675 748 1749 putat
772 1689 806 1732 se
829 1673 963 1751 litigare.
986 1676 1050 1735 «ln

86 1762 214 1839 Syriam
231 1761 399 1820 Gessium³¹
416 1760 562 1820 misistis.
582 1785 596 1815 »
616 1762 686 1820 Non
707 1760 807 1837 igitur
832 1764 946 1834 sentia,
974 1764 1050 1825 bule

87 1868 193 1911 causa·
207 1851 319 1910 orbem
332 1854 422 1909 terra¹
432 1854 560 1927 patere3
578 1854 619 1923 te,
633 1853 722 1909 extra
735 1851 953 1912 munitiones⁶
965 1858 1047 1927 tuas,

85 1940 262 2016 vestigium
278 1938 332 1997 ubi
350 1938 530 2015 imprimas,
547 1955 613 1995 non
628 1938 769 1997 habero?
793 1963 806 1992 «
824 1941 976 2000 Cascam³
993 1943 1049 2001 tri-

86 2029 245 2088 bunatum
259 2044 367 2104 gerere
384 2027 470 2104 passi
488 2025 579 2084 estis
597 2050 611 2078 »
629 2027 678 2084 31.
698 2026 781 2096 Quid
806 2031 903 2104 ergo?
927 2032 962 2086 ut
986 2031 1048 2089 Ma-

84 2118 219 2191 rullum,
248 2120 284 2177 ut
308 2117 482 2176 Caesetium
493 2115 514 2191 ⁸,
541 2130 614 2173 are
643 2114 773 2191 publiea
800 2133 1047 2178 removeremus

84 2225 172 2280 eum,
191 2224 247 2284 per
263 2224 374 2284 quem,
391 2209 426 2264 ut
446 2220 551 2280 neque
575 2203 638 2263 hoe
662 2203 747 2264 idem
772 2206 919 2284 posthae,
936 2224 1042 2284 neque

110 2373 128 2418 l.
145 2373 281 2416 l'rutidr'nnr.
293 2386 316 2417 u.
327 2372 339 2416 7
351 2373 378 2413 de
389 2374 409 2415 ln
422 2371 536 2426 ((1115.-
590 2384 630 2425 que
645 2372 753 2414 ernau.
766 2373 784 2415 ll
799 2373 833 2416 lut
848 2375 896 2427 pris
917 2386 946 2416 en
971 2374 1046 2418 llere-

82 2428 202 2469 .·lutonios.
216 2429 317 2470 Antoine
327 2431 394 2470 atses
409 2426 493 2470 ledaea.
507 2427 535 2468 Υ.
590 2423 661 2468 deine
680 2430 701 2468 et
713 2425 759 2468 mla
781 2427 794 2469 d
810 2429 872 2469 mort
886 2439 928 2481 par
947 2429 1044 2471 Brutus.

81 2478 533 2534 lesnotosldelnplldetffllelaodld.
615 2480 635 2522 5.
649 2480 761 2526 (feretum.
778 2482 843 2524 Pom
867 2481 976 2529 (lessius.
993 2484 1045 2524 retr

108 2535 128 2578 Ξ.
153 2537 267 2578 Senatum.
293 2536 329 2576 lin
349 2534 429 2576 disant
449 2547 453 2573 z
470 2535 535 2575 t'ons
591 2533 673 2587 pede.

86 2590 183 2652 arppelez
196 2588 218 2631 le
229 2584 301 2631 Sdnat
314 2588 335 2630 le
346 2598 415 2641 orunp
427 2587 455 2630 do
466 2589 536 2630 l'om-
616 2586 636 2629 6.
648 2586 797 2631 ,trinutum
810 2588 981 2633 Teeencemtes
997 2590 1044 2632 lor-

80 2653 133 2738 liae,
145 2643 332 2686 Antoinedonno
342 2642 355 2682 a
366 2639 479 2685 entendre
490 2652 536 2695 que
592 2636 675 2683 titides.

91 2697 123 2746 ui,
148 2696 170 2740 le
185 2706 290 2749 rengenr
305 2694 333 2738 do
359 2694 438 2742 Cdsar.
459 2694 474 2736 il
499 2697 534 2738 est
615 2692 634 2737 7.
650 2695 752 2735 (furcam.
769 2695 796 2736 P.
817 2696 934 2738 servilius
957 2698 1040 2746 casea.

80 2748 177 2805 altaque
188 2761 231 2803 par
244 2749 265 2792 le
283 2746 355 2791 Sdnat
371 2749 423 2799 sui,
441 2747 533 2789 demta
590 2748 670 2789 trilmn
682 2747 709 2789 de
722 2747 745 2789 la
760 2747 827 2801 ulatur
840 2748 936 2802 tlrtsignd
947 2761 1007 2803 pour
1018 2750 1043 2794 tt

87 2816 164 2848 rnorro
188 2802 270 2851 civile.
288 2801 345 2845 e'tait
369 2814 401 2844 ru
425 2802 486 2854 parti
505 2802 533 2844 de
589 2800 896 2854 paersar·‚etmeurtrier
913 2803 946 2845 du
962 2807 1040 2856 lyrein,

101 2858 193 2911 emptio.
589 2865 680 2896 comme
710 2854 844 2905 multrare,
872 2855 898 2898 G.
924 2856 1042 2899 Servilius

104 2909 125 2953 3.
148 2911 216 2953 tino.
228 2910 259 2951 Le
273 2908 402 2963 l’ornru'ien
415 2909 440 2950 l'.
455 2909 533 2951 Attius
591 2908 672 2948 Cauca.

78 2964 156 3006 l'arrm
171 2965 214 3006 fnit
225 2964 361 3016 prisonuier
375 2973 416 3016 ρει(
434 2962 506 3004 Cdsar
520 2962 531 3002 a
614 2962 634 3003 8.
648 2959 797 3001 ,tlte-ullam...
806 2961 1041 3003 ‘'crsrtlunr.Tribuns

77 3018 215 3060 Corfinium.
232 3017 286 3070 puis
301 3026 329 3057 en
342 3016 450 3070 Afrique.
587 3013 615 3056 de
629 3013 674 3055 l'an
689 3010 723 3057 tt,
737 3013 762 3053 l..
785 3015 899 3055 darsellus
913 3014 1003 3056 Flavus
1018 3018 1042 3058 et

103 3071 122 3114 t.
140 3072 206 3113 (Γαῖα.
222 3071 305 3115 Graius.
319 3069 450 3123 maternae
462 3066 493 3109 tl.
510 3069 531 3111 le
587 3068 610 3108 C.
625 3066 725 3120 Epidius
754 3067 872 3109 Marullus
894 3069 990 3110 avaient
1005 3067 1041 3111 ete

75 3125 162 3168 second
172 3124 276 3179 parl'agre
286 3122 327 3165 dos
344 3124 401 3165 runs
410 3121 494 3170 trinea,
511 3122 532 3165 le
587 3119 685 3173 depoeds
710 3131 769 3172 pour
791 3120 857 3162 avoir
880 3120 924 3163 tait
943 3120 1041 3165 enlerer

75 3179 226 3232 ‹lisputaiteu
238 3176 302 3218 vicos
314 3176 430 3218 auxdeux
442 3178 530 3218 mitres.
587 3185 634 3216 nne
649 3183 770 3215 conrnune
790 3172 818 3216 de
838 3173 926 3216 laurier
947 3176 969 3216 et
993 3187 1040 3218 uno

74 3232 236 3285 Cll’lritipp.
262 3232 293 3280 X,
317 3244 337 3272 r.
354 3227 379 3273 lo
404 3243 408 3269 :
435 3229 530 3269 [luorum
586 3226 720 3270 bandeletle
740 3226 849 3281 blanche,
873 3227 989 3270 embltmre
1010 3228 1039 3272 de

73 3287 171 3339 fratrum
183 3285 267 3339 [Marci
293 3286 315 3328 er
331 3283 407 3337 huciij
427 3282 531 3324 altilibus
586 3281 609 3322 la
631 3279 735 3335 royautd.
750 3277 843 3333 plector
867 3291 907 3322 ¹sur
923 3280 945 3323 la
961 3284 1039 3329 statue

74 3340 158 3381 irretitur
170 3340 310 3394 interjectus,
326 3337 389 3378 uitiis
404 3349 451 3378 cunr
472 3341 532 3377 arro·
586 3334 614 3378 de
625 3333 702 3378 Cesar.
