2250 3818
277 221 329 266 uas
352 227 367 258 r
392 222 558 267 onnrrouas
582 222 653 266 rosr
677 222 810 266 auersum
835 229 849 257 »
987 206 1045 263 375

77 376 210 439 poenam
220 359 361 434 effugere
373 361 556 436 potuerunt.
571 361 615 418 Ex
629 359 679 418 liis
693 359 791 437 igitur
807 357 912 430 bouis,
925 375 964 417 ex
977 356 1047 434 qui-

76 450 140 510 bus
155 465 254 509 uerno
269 465 340 508 rem
355 448 457 507 ullam
474 448 592 525 attigit,
608 449 740 525 quinon
758 448 905 508 omnium
921 446 1046 524 judicio

78 538 357 600 sceleratissimus
385 539 575 611 haberetur,
607 539 651 599 dii
680 539 880 598 immortales
912 537 1047 597 domurn

77 645 191 690 meam
206 628 486 704 concupiverunt?
500 628 566 688 Ista
580 632 635 688 tua
656 627 791 704 pulchra
806 627 952 687 Libertas
968 627 1046 687 deos

77 720 214 797 penates
226 720 257 776 et
271 716 446 776 familiares
462 734 554 777 meos
569 718 671 778 lares1
697 716 830 793 expulit,
860 720 897 776 ut
913 733 947 775 se
962 716 1044 793 ipsa,

77 820 236 884 tanquam
252 806 286 865 in
299 806 433 882 captivis
450 806 593 880 sedibus
609 805 805 866 collocaret?
817 806 885 866 loe.
900 804 982 875 Quid
998 808 1048 865 est

79 896 237 969 sanctius,
256 895 332 973 quid
347 895 434 954 omni
448 895 605 972 religione
622 896 792 967 munitius,
813 912 912 971 quam
928 895 1046 954 domus

78 986 180 1046 unius
191 985 351 1062 cujusque
368 984 489 1044 civium
499 987 512 1043 ‘l
523 986 580 1044 llic
593 1003 656 1044 arae
670 989 756 1058 suut,
770 984 824 1043 hic
843 983 918 1056 soei,
934 984 986 1042 hio
1001 983 1045 1043 dii

78 1078 226 1155 penates,
241 1075 294 1134 hic
305 1092 408 1144 saera,
421 1074 608 1150 religiones,
621 1074 1042 1145 caerimoniaecontinentur;

78 1165 142 1226 boc
155 1164 341 1243 perfugium
357 1168 405 1224 est
416 1165 460 1223 ita
473 1168 622 1224 sanetum
636 1164 801 1237 omnibus,
822 1168 855 1223 ut
870 1163 944 1222 inde
960 1163 1045 1222 abri-
1090 1156 1093 1161 ’

82 1255 114 1333 pi
127 1255 296 1315 neminem
312 1253 359 1314 sas
376 1254 432 1317 sit.

118 1389 211 1449 XLII.
230 1389 298 1459 Quo
313 1388 418 1467 magis
433 1391 483 1448 est
496 1388 592 1448 istius
609 1387 752 1447 suroreb
776 1387 909 1447 auribus
928 1388 1045 1447 vestris

79 1477 300 1557 repellendus
311 1478 377 1554 qui,
396 1494 469 1554 quae
484 1477 625 1554 majores
637 1477 741 1536 nostri
753 1476 965 1554 religionibus
978 1481 1047 1536 tuta

79 1569 177 1629 nobis
188 1572 220 1628 et
233 1571 343 1627 sancta
358 1584 431 1628 esse
443 1567 625 1642 voluerunt,
640 1584 677 1626 ea
688 1568 748 1626 iste
764 1584 828 1625 uon
845 1567 952 1625 solum
969 1584 1046 1631 con.-

80 1662 130 1718 tra
142 1657 336 1734 religionem
352 1657 567 1729 labefactavit,
579 1658 635 1717 sed
651 1657 748 1716 etiam
761 1656 863 1734 ipsius
879 1655 1047 1734 religionis

81 1748 217 1809 nomine
234 1747 358 1806 evertit.

120 1856 193 1917 110.
211 1856 249 1915 At
263 1855 482 1933 quaedeaest‘l
496 1856 617 1914 Bonam
630 1856 720 1915 2esse
736 1859 873 1933 oportet,
892 1854 1047 1931 quoniam

83 1944 220 2025 quidem
231 1948 280 2004 est
294 1944 350 2003 abs
366 1945 397 2003 te
412 1942 568 2003 dedicata.
581 1967 595 1996 «
611 1943 754 2003 Libertas
766 1968 793 2018 i,
804 1943 920 2022 inquit,
933 1967 946 1997 «
959 1947 1007 2004 est
1018 1967 1045 2006 ›>.

83 2034 162 2094 Eam
176 2038 213 2093 tu
228 2033 326 2112 igitur
341 2031 429 2092 dorni
447 2050 526 2092 meaa
543 2032 720 2111 collocasti,
740 2051 836 2111 quam
854 2051 891 2092 ex
907 2034 985 2092 urbe
999 2036 1047 2092 to-

47 2132 54 2137 '
83 2126 113 2184 ta
127 2121 315 2184 sustulisti?
330 2125 375 2182 Tu
390 2138 464 2182 cum
479 2121 619 2199 collegas
633 2127 718 2197 tuOS,
737 2140 864 2182 summa
890 2127 1047 2200 potestate

85 2212 249 2291 praeditos
260 2228 395 2289 negares
405 2212 527 2272 liberos
541 2229 623 2286 esse,
638 2229 713 2272 cum
730 2212 763 2271 in
774 2209 953 2290 templum8
975 2213 1047 2272 Cas·
1108 2242 1111 2247 ·

83 2302 163 2364 toris
186 2300 294 2361 aditus
308 2306 395 2361 esset
408 2304 538 2379 apertus
554 2302 689 2375 nemini,
707 2318 782 2361 cum
793 2302 881 2362 hunc
896 2301 1047 2361 clarissi-

84 2408 175 2451 mum
190 2387 330 2464 virumt,
346 2407 476 2450 summo
492 2409 609 2466 genere
629 2395 754 2465 natum,
772 2391 911 2451 summis
935 2391 1046 2469 populi

85 2477 252 2539 beneflciis
268 2494 378 2552 usum,
394 2478 593 2555 pontificem,
612 2484 644 2539 et
658 2480 876 2555 consularem,
895 2484 925 2540 et
939 2481 1048 2557 singu-

85 2564 139 2628 lari
153 2566 298 2628 bonltate
313 2570 344 2627 et
358 2568 520 2628 modestia
530 2568 702 2645 praeditum
719 2568 828 2648 (quem
846 2571 923 2629 salis
937 2570 1048 2629 mirari

87 2658 205 2737 quibus
222 2657 326 2716 oculis
346 2655 511 2735 adspicere
533 2657 665 2733 audeas,
684 2676 749 2719 nou
773 2659 881 2735 queo),
897 2659 1047 2718 audiente

90 2744 208 2825 populo
236 2744 398 2820 Romano,
430 2764 448 2805 a
475 2746 662 2824 pedisequis
693 2749 877 2808 conculcari
901 2749 1046 2826 juberes,

88 2848 157 2895 eum
170 2826 397 2895 indemnatum
417 2852 468 2896 me
487 2837 685 2908 exturbares
704 2837 882 2914 privilegiis
903 2837 1047 2915 tyranni-

108 3020 268 3066 l.Lorer.Le
290 3020 354 3065 culte
369 3023 411 3065 des
425 3024 499 3066 lares
512 3023 540 3066 de
594 3023 622 3067 de
642 3024 730 3067 Gaslm.
757 3025 819 3066 silut·
843 3036 883 3066 sur
906 3025 927 3065 lo
950 3025 1047 3072 l'ornm,

92 3071 213 3119 ltmaison
223 3075 357 3130 (domestici)
376 3088 407 3118 ou
426 3075 454 3121 de
470 3076 541 3120 l'lltat
595 3079 715 3121 contenuit
730 3089 762 3119 uu
779 3077 848 3131 ddpi'rt
872 3077 1003 3119 d'arclrires
1020 3077 1047 3119 de

90 3126 266 3183 (patroncello
283 3130 347 3172 culte
367 3129 408 3172 des
422 3132 540 3173 ancellas.
595 3132 672 3175 l'ldtat.
690 3133 746 3172 Voir
758 3132 779 3172 la
794 3143 820 3174 u.
837 3131 846 3173 l
862 3132 890 3173 ‹le
906 3131 928 3172 la
944 3142 968 3183 p.
992 3129 1041 3173 157.

40 3206 43 3221 ι
92 3178 129 3225 les
140 3183 213 3226 Lares
230 3186 253 3225 et
266 3183 301 3225 les
318 3183 421 3226 Penates
437 3187 490 3227 sont
503 3183 540 3239 gd-
622 3188 640 3228 l.
658 3186 810 3226 t'lariastmmn
823 3186 901 3226 virum.
915 3188 950 3225 (ln
969 3184 1048 3225 adiuel

60 3532 63 3537 -
113 3500 133 3544 8.
149 3504 216 3558 Temp

93 3235 235 3280 ntralemout
255 3237 310 3278 uuis
323 3236 384 3279 dans
396 3237 421 3279 la
439 3234 541 3292 religion
597 3238 837 3292 giiridralemeutqu'il
848 3238 950 3291 s'agitde
961 3239 985 3278 l‘.
994 3238 1048 3279 llor-

92 3291 201 3334 amalae.
217 3291 282 3333 Pour
293 3289 315 3333 lc
330 3291 417 3345 temple
428 3291 456 3334 de
468 3291 491 3333 la
502 3293 539 3334 Li·
595 3293 673 3334 nellus
688 3292 813 3340 Lentulus,
841 3293 864 3334 ui
876 3293 915 3332 eut
924 3293 1046 3344 beaucoup

93 3337 159 3394 barte,
174 3345 265 3397 vairp.
280 3344 316 3386 50.
595 3345 607 3387 a
619 3356 644 3388 sc
655 3345 763 3398 plaiudre
779 3345 806 3386 de
817 3303 921 3386 fionius.
935 3345 1003 3385 blais.
1018 3354 1046 3386 eu

94 3394 133 3491 neb.
145 3397 242 3493 debilior.
256 3396 377 3493 4gliursion
393 3396 405 3439 ii
429 3398 452 3440 la
478 3398 541 3440 lbnao
594 3397 1047 3495 }517)„1;511r111m1;1›nutc··141{ullmlp‹·:1¹ullo

119 3464 141 3493 a·
173 3462 196 3495 ω
218 3462 261 3544 diem
283 3481 392 3549 libatoria.
410 3506 440 3547 110
454 3505 540 3558 temple
595 3464 1052 3561 orriiarri‘di‘iilriirtitsiiiidli’noucriiiiiidiiiiv.
