2244 3848
213 83 239 148 ι’
263 111 278 141 «
301 105 410 148 oacrio
431 106 461 148 1a
483 106 509 148 n.
534 106 724 151 cantmnuruu
746 108 875 151 r‘rsouan
898 116 913 146 »
992 94 1047 152 ild

87 241 274 302 centuriatis
295 243 302 275 ¹
326 240 401 300 tulit
439 243 472 300 Ρ,
510 242 663 301 Lentulus
699 243 812 303 consul
845 244 884 302 de
916 245 1048 323 collegae
1108 240 1111 245 ’

87 329 117 401 ll.
133 330 255 392 Metelli
271 332 441 401 sententia,
457 349 554 408 quem
569 349 697 392 mecum
712 333 824 392 eadem
843 352 894 393 res
909 336 1046 411 publica.

87 437 155 497 quse
172 421 208 478 in
222 421 388 480 tribunatu
403 420 474 496 ejus
491 420 692 498 disjunxerat
704 422 725 488 ²²,
744 423 777 480 in
793 424 974 487 consulatu.
991 426 1051 485 vir-

85 512 150 570 tute
167 511 284 586 optimi
300 527 337 569 ac
354 510 531 586 justissimi
548 512 607 570 viri
627 512 848 589 sapientiaque
869 515 1047 590 conjunxit.

84 600 132 659 36.
162 600 241 670 Quae
256 600 308 658 lex
334 617 431 676 quem
452 599 491 659 ad
516 600 649 659 modum
670 607 802 677 accepta
827 602 878 667 sit,
902 604 977 678 quid
996 621 1048 663 me

80 689 200 749 attinet
224 687 355 748 dicere?
380 690 424 747 Ex
449 689 543 749 vobis
566 690 672 755 audio,
704 691 826 749 nemini
847 692 907 750 oiri
935 693 1045 758 ullam,

79 796 148 856 quo
165 778 277 837 minus
298 777 437 843 adesset,
466 780 544 838 satis
562 779 685 853 justam
709 781 951 840 excusationem
976 798 1048 841 esse

77 869 208 938 visam3
232 866 331 926 nullis
347 867 491 926 comitiis
515 885 657 943 unquam
681 886 784 946 neque
807 870 1047 929 multitudinem

77 957 258 1017 hominum
288 960 421 1027 tantam,
449 974 554 1033 neque
579 956 809 1035 splendorem³
836 958 955 1031 luisse3
986 960 1048 1020 hoc

76 1050 172 1107 certe
186 1044 292 1117 video,
305 1045 391 1122 quod
406 1045 548 1106 indicant
563 1046 678 1106 tabula
695 1049 831 1124 publicu
846 1050 865 1110 ἃ
883 1067 941 1108 vos
957 1065 1049 1126 roga·

78 1141 185 1206 tores,
199 1152 257 1194 vos
271 1135 466 1206 diribitores,
482 1152 540 1194 vos
554 1135 706 1195 custodes
719 1137 820 1195 l'uisse
838 1138 1054 1212 tabellarium·

79 1230 126 1295 et,
139 1223 230 1302 quod
247 1225 281 1283 in
299 1224 478 1285 honoribus
499 1229 683 1284 vestrorum
706 1227 962 1303 propinquorum
983 1244 1050 1286 non

82 1314 194 1375 tacitis
208 1314 259 1374 vel
272 1313 375 1374 letalis
388 1315 609 1383 excusatione,
622 1316 672 1375 rel
688 1315 834 1380 honoris,
851 1316 882 1374 id
897 1317 930 1373 in
945 1317 1048 1375 salute

82 1420 171 1478 mee,
188 1403 279 1463 nullo
289 1407 436 1480 rogante,
453 1420 511 1462 vos
527 1408 635 1462 vestra
648 1408 763 1481 sponte
778 1404 912 1463 lecistis.

123 1565 164 1620 La
188 1565 325 1619 neuxriruu
348 1580 444 1618 esuris
469 1564 508 1618 du
523 1564 657 1618 discours
679 1563 876 1636 (axau-xxxin)
901 1569 945 1618 est
972 1581 1048 1618 con-

88 1646 190 1703 sacree
205 1644 223 1701 ir
238 1661 278 1699 un
291 1661 416 1699 examen
432 1645 591 1717 rigoureux
618 1645 653 1698 de
675 1649 741 1699 tous
756 1644 798 1699 les
811 1650 890 1699 actes
906 1645 942 1698 de
957 1645 986 1698 la
1007 1645 1049 1699 vie

88 1725 233 1799 publique
249 1729 278 1781 et
292 1725 391 1796 privee
408 1725 444 1780 de
460 1724 558 1779 Pison.
587 1726 630 1778 Au
644 1725 747 1779 milieu
762 1724 798 1779 de
812 1741 844 1779 ee
860 1725 1049 1794 rdquisitoire
1108 1760 1114 1773 ·

89 1822 120 1861 se
135 1812 238 1861 trouve
254 1821 295 1859 un
309 1805 429 1876 episode
445 1810 593 1870 amasam,
615 1806 664 1875 qui
681 1805 779 1860 donne
794 1805 863 1860 bien
884 1805 912 1859 la
932 1822 1050 1860 mesure

90 1887 125 1942 de
138 1886 169 1941 la
182 1886 280 1941 venite
294 1884 439 1941 litteraire
463 1885 497 1940 de
519 1886 649 1940 Ciceron.
669 1887 758 1940 Pison
778 1886 873 1940 s'etait
888 1887 998 1955 permis
1014 1884 1049 1938 de

91 1967 245 2036 criticum,
261 1982 322 2020 non
338 1983 406 2021 saus
421 1966 532 2034 raison,
544 1983 585 2020 un
598 1983 663 2020 vers
678 1966 717 2020 du
735 1966 838 2036 poeme
861 1968 900 2018 lle
920 1968 1051 2034 trilnport-

90 2039 137 2094 bue
152 2039 219 2093 crete
237 2037 288 2108 qui
301 2037 398 2092 venait
420 2037 510 2092 d'dtre
527 2037 628 2108 puhlie
640 2039 659 2089 ὅ.
681 2038 774 2106 Piqud
794 2053 831 2091 au
856 2035 904 2103 vit,
924 2038 1049 2089 Cicerou

91 2118 203 2185 soene,
220 2133 335 2173 comme
351 2117 481 2173 l¹0ronte
495 2117 535 2173 du
549 2118 736 2186 llisaatluope
755 2135 760 2172 :

151 2271 183 2321 Et
198 2268 259 2330 moi,
272 2270 299 2332 je
315 2283 382 2318 vous
398 2269 520 2318 scuticas
536 2283 587 2331 que
602 2283 658 2318 mes
673 2282 734 2317 vers
747 2271 808 2317 ·ont
823 2267 878 2317 fort
890 2266 973 2316 bons!

125 2432 147 2487 ll
170 2432 269 2487 devait
285 2431 451 2502 cependant
464 2432 651 2486 reconnaltre
673 2447 730 2501 que
749 2430 992 2484 l'ineonvenunce
1010 2428 1050 2482 du

90 2529 155 2567 vers
170 2512 328 2567 incrimine
348 2511 468 2582 pouvait
490 2511 604 2566 blesser
618 2512 758 2582 Pmnpte,
776 2541 811 2550 -
832 2526 946 2563 comme
960 2509 1051 2562 Pison

91 2592 116 2648 le
131 2592 232 2649 toisait
244 2608 419 2661 remarquer
432 2592 661 2660 mechomment‚
678 2624 711 2631 —
740 2589 878 2662 puisqu'il
895 2605 925 2644 se
939 2589 1051 2659 croyait

91 2745 130 2788 lus
162 2748 186 2788 et
200 2742 290 2788 Atilius
304 2742 434 2786 Serranus.
450 2745 508 2786 l'oir
523 2742 546 2785 la
602 2746 646 2786 Les
661 2740 763 2787 editions
774 2746 815 2786 out
826 2741 969 2784 d’ordinaire
979 2754 989 2779 a
1000 2741 1052 2780 tlen-

91 2794 547 2853 uldeuptdo-cesaeuxtncuns
602 2797 710 2839 ‹ratim-em
744 2799 767 2839 ui
796 2797 876 2840 der-ive
896 2795 965 2837 d'une
986 2758 1053 2845 (oron

91 2850 200 2897 s'dtaient
216 2850 309 2894 rendus
332 2861 424 2893 comme
455 2861 486 2894 on
511 2852 547 2893 eat
602 2852 692 2894 tantive
704 2810 800 2905 assianae·
814 2863 881 2892 oraru.

89 2906 208 2951 venduau
218 2903 545 2957 marchi.Luptr‚latrlbuno
629 2904 648 2948 l.
672 2904 759 2946 Tabula
784 2904 885 2956 politicae.
913 2903 958 2945 Les
982 2902 1054 2943 docu-

90 2958 118 3003 de
130 2961 206 3017 pierre
221 2957 252 3001 ou
265 2967 291 3000 se
304 2958 364 3000 tient
375 2958 396 3000 le
409 2959 488 3000 crieur
503 2969 548 3012 pu·
602 2962 680 3001 ments
689 2957 799 3006 oliieiels‚
812 2958 845 3000 les
853 2956 1054 3012 proces-remouit

91 3012 137 3057 lille
147 3024 209 3068 pour
219 3013 303 3055 mettre
320 3012 354 3054 les
373 3012 480 3055 enotares
501 3023 548 3055 aux
603 3009 787 3055 ‹lanstancesdu
798 3010 910 3053 Senat—
922 3009 1053 3061 donator-rs.

90 3067 214 3120 enclrtres.
603 3067 667 3108 Cenx
681 3067 721 3157 dui
735 3065 865 3107 sollicitent
878 3065 911 3106 les
928 3061 1052 3116 suffrages.

116 3120 139 3165 l.
161 3120 263 3165 t'nmitiir
287 3121 428 3162 cenna-lulla.
450 3121 507 3162 l'cir
521 3119 545 3162 la
600 3143 624 3150 —
639 3118 837 3161 Dii-rrtlmealles
853 3115 1054 3169 scrutateursqul

90 3177 147 3219 note
158 3174 173 3219 ss
186 3172 216 3218 de
227 3174 251 3217 la
264 3186 286 3229 p.
298 3174 346 3218 eta.
601 3173 705 3216 classent
716 3171 750 3215 les
761 3170 885 3224 suffrages.
898 3171 955 3212 l'oir
964 3170 985 3210 la
1000 3173 1055 3211 note

115 3228 137 3273 2.
152 3226 309 3269 Dinumeret
322 3228 381 3270 l'oit'
403 3238 416 3267 l.
430 3225 464 3269 38.
599 3225 651 3269 fide
664 3225 687 3266 ln
701 3235 722 3278 p.
737 3224 786 3267 285.
797 3249 822 3254 —
835 3223 942 3263 t'rrslodrr
960 3222 1053 3261 totalla-

114 3284 138 3325 3.
160 3241 316 3335 Spiondorem.
338 3278 391 3324 L'cc
404 3282 435 3328 at.
458 3279 481 3321 la
501 3278 546 3320 dis·
600 3293 655 3320 rmn.
669 3279 732 3320 Coun
748 3277 789 3331 uui
799 3277 942 3320 surrelllent
955 3277 975 3318 le
988 3287 1053 3317 scru-

92 3335 193 3380 uncum
212 3334 242 3377 de
264 3337 318 3378 tous
331 3335 375 3385 les
385 3333 492 3375 hommes
502 3333 544 3386 qui
601 3335 645 3376 tin.
660 3333 718 3373 l'oir
730 3331 753 3373 la
765 3334 819 3373 note
833 3329 884 3373 lde
900 3330 923 3371 la
934 3341 955 3382 p.
965 3329 1013 3371 285.

91 3391 232 3455 component
244 3391 303 3437 cette
318 3386 447 3433 multitude
457 3385 543 3434 d'tlite.
626 3389 646 3428 ῡ.
658 3387 686 3427 t'.
698 3386 731 3429 les
742 3396 765 3427 u.
781 3386 792 3426 t
809 3395 833 3442 p.
848 3382 874 3426 lt
892 3382 937 3429 etl
957 3393 981 3437 p.
1000 3381 1049 3425 322.
