2244 3848
87 256 145 314 386
192 271 247 316 nus
269 272 412 317 orsuoens
434 270 634 317 corsonunns
657 270 720 316 nux
744 271 940 322 rnnrrnouns

87 406 152 473 ille,
168 424 242 466 cum
260 408 351 483 quasi
374 411 533 485 quastum
554 406 685 479 laceret,
702 406 833 466 amisit?
849 407 975 467 Venistis
990 406 1016 466 ad

87 500 247 559 senatum,
273 513 341 559 ros.
369 497 513 574 inquam,
535 496 664 572 equites
692 497 842 563 Romani,
873 500 903 557 et
928 510 1017 556 ornnes

86 585 172 649 boni,
191 590 279 645 veste
292 590 428 658 mutata,
445 603 567 663 vosque
593 602 652 663 pro
665 602 742 645 meo
761 587 864 663 capite
887 586 923 646 ad
942 585 1017 664 pedes

55 693 59 705 ·
84 676 211 734 lenonis
229 675 443 753 impurissimi
459 674 654 754 projecistis,
666 692 754 745 cum,
767 676 1017 753 restrisprceibus

86 765 240 825 alatione
258 765 313 824 illo
330 765 519 842 repudiatis
539 765 589 823 vir
604 762 787 824 incredibili
803 765 875 837 tide,
888 765 1017 841 magnitu-

86 854 158 914 dine
184 855 294 917 animi.
317 854 509 925 constantia,
526 855 559 912 L.
574 853 746 919 Ninnius¹.
770 854 810 914 ad
835 866 972 914 senatum
991 853 1017 912 dc

85 961 118 1004 re
144 942 272 1021 publica
295 944 415 1015 retulit,
442 946 638 1019 senatusque
651 942 828 1020 frequens²
841 949 958 1005 vestem
976 956 1017 1020 pro

84 1051 159 1093 mea
174 1032 277 1092 salute
294 1033 482 1092 mutandam
498 1032 635 1093 censuit.

124 1151 190 1209 llll.
208 1152 257 1209 ὑ27.
275 1150 299 1210 O
316 1149 402 1209 diem
418 1148 522 1222 illum,
543 1149 684 1226 judices,
712 1149 882 1210 funestum
905 1148 1017 1211 senatui.

85 1239 245 1317 bonisque
266 1238 429 1311 omnibus,
446 1239 493 1299 rei
514 1238 652 1318 publica
674 1238 876 1308 luctuosum,
900 1240 971 1299 mihi
991 1237 1017 1296 ad

84 1329 302 1389 domesticum
325 1346 495 1389 maerorem
522 1345 665 1404 gravem,
692 1326 731 1387 ad
755 1329 949 1406 posteritatis
970 1343 1018 1386 mc·

84 1419 220 1479 morimu
242 1418 436 1496 gloriosum!
461 1417 544 1488 Quid
565 1418 653 1478 enirn
683 1418 858 1495 quisquam
881 1422 976 1497 potest
991 1433 1018 1475 en

85 1510 173 1568 omni
191 1508 350 1568 memoria
365 1524 494 1567 sumere
511 1507 680 1575 illustrius
699 1525 809 1585 quam,
828 1526 886 1587 pro
899 1506 1017 1568 unoeive

85 1602 116 1658 ct
131 1599 234 1658 bonos
251 1615 365 1659 omnes
379 1598 504 1675 privato
520 1614 695 1669 consensu,
709 1598 937 1658 etunirersum
947 1612 1016 1656 seua·

84 1692 153 1746 tum
173 1686 305 1764 publico
325 1686 461 1747 consilio
484 1691 629 1746 mutasse
652 1688 800 1747 vestem?
822 1706 891 1765 qua¹
912 1685 1015 1764 quiden

83 1780 152 1835 tum
179 1777 312 1837 minutio
335 1795 400 1838 non
420 1776 657 1854 deprecationis
674 1793 774 1836 causa
799 1782 850 1837 est
872 1778 957 1845 facia,
974 1771 1015 1833 sed

82 1866 199 1925 luctus.
220 1868 321 1937 Quem
347 1868 433 1927 enini
456 1866 676 1943 deprecarere,
701 1885 777 1926 curn
798 1885 910 1928 omnes
931 1864 1015 1927 essent

82 1954 247 2023 sordidati,
263 1974 402 2033 cumque
420 1956 482 2016 hoc
500 1957 579 2016 satis
599 1961 686 2017 esset
703 1955 798 2034 signi,
826 1975 897 2018 esse
917 1956 1014 2031 impro-

82 2046 170 2111 bum,
197 2046 251 2123 qui
274 2050 398 2106 mutata
422 2050 510 2106 veste
539 2064 605 2106 non
638 2047 745 2106 essct?
770 2046 838 2106 Hac
864 2044 1013 2106 mutatione

81 2136 181 2196 vestis
201 2134 295 2199 lacta,
313 2139 399 2195 tanto
416 2135 450 2194 in
465 2136 554 2195 luctu
573 2134 723 2203 civitatis,
744 2137 871 2205 omitto,
888 2133 957 2214 quid
973 2129 1013 2188 ille

81 2224 242 2289 tribunus,
259 2224 406 2284 omnium
422 2241 531 2283 rerum
553 2223 734 2283 divinarum
758 2224 1013 2295 humanarumque

82 2315 200 2389 prado,
214 2315 341 2386 lecerit3
354 2308 408 2391 qui
421 2313 533 2373 adesse
545 2314 555 2346 ³
567 2314 792 2373 nobilissimos
805 2314 1011 2374 adulescentes.

81 2403 332 2464 honestissimos
347 2404 472 2480 equites
488 2404 663 2472 Romanos
681 2403 906 2480 deprecatores
924 2395 1013 2462 salutis

81 2509 160 2549 meae
179 2492 323 2567 jusserit,
348 2511 467 2568 eosque
489 2494 687 2571 operarum'*
710 2512 845 2553 suarum
869 2492 973 2570 gladiis
992 2488 1013 2544 el

81 2581 243 2658 lapidibus
266 2583 437 2659 objecerit,
464 2582 502 2642 de
525 2582 715 2642 consulibus
744 2584 872 2661 loquor,
900 2590 1012 2659 quorum

83 2671 142 2730 title
157 2688 208 2730 ros
225 2672 355 2749 publica
370 2673 428 2731 niti
445 2672 568 2731 debuit.
586 2675 634 2731 aa.
651 2675 861 2735 Exanimatus
881 2672 1013 2734 evolatu

82 2767 208 2836 serram,
235 2780 302 2820 non
324 2764 433 2822 minus
454 2765 641 2839 perturbato
671 2765 779 2836 animo
809 2770 903 2843 atque
933 2759 1012 2821 vultu

81 2869 177 2927 quam
195 2851 222 2910 si
238 2852 330 2911 annis
348 2856 420 2912 ante
437 2853 549 2929 paucis
564 2854 595 2911 in
610 2853 807 2913 creditorum
821 2842 1012 2916 conventum

80 2941 261 3015 incidissem
274 2941 409 3001 advocat
420 2943 621 3015 contionem3
637 2944 730 3003 habel
744 2945 924 3005 orationem
938 2938 1012 3000 talen

78 3128 137 3168 troii·
152 3128 172 3167 la
185 3129 256 3170 naut
265 3129 293 3169 «lo
303 3129 323 3170 la
335 3141 355 3182 p.
363 3127 418 3177 titi.
446 3129 526 3168 -tulro
583 3129 625 3176 lri,
635 3140 659 3170 se
668 3128 788 3182 puisentur
799 3141 829 3172 en
840 3123 1012 3184 justimdlduu

78 3181 166 3231 (solatur
180 3184 324 3225 mormorion,
342 3185 393 3236 puis
408 3182 523 3232 briqundl.
582 3183 632 3223 lour
647 3183 752 3224 ordonna
763 3183 792 3225 de
812 3184 963 3237 carroperum
983 3176 1011 3236 ll·

79 3236 142 3276 [tans
156 3247 193 3276 sos
208 3237 347 3285 interlitum,
366 3234 463 3277 (liemon
487 3248 526 3276 usu
582 3239 692 3279 suntsed
714 3237 820 3278 lribunul
841 3250 900 3292 prom·
921 3237 951 3279 les
967 3232 1012 3273 tuin

78 3288 133 3330 d'un
143 3290 262 3332 abondunl
271 3290 397 3343 ripertoire
404 3290 525 3342 il'injuros.
581 3300 720 3332 ussommcr.

79 3394 85 3433 l
104 3343 126 3384 l.
142 3342 284 3438 LiGgl'luuius.
299 3346 354 3385 l'olr
369 3344 391 3385 lu
405 3343 481 3385 ruscea
496 3343 524 3384 tle
609 3344 773 3439 lssgperurum.
787 3345 845 3387 l'oir
856 3344 880 3386 la
888 3332 1013 3387 nolessdl'fl

89 3405 101 3433 a
115 3406 154 3447 p..
191 3427 195 3436 .
589 3409 604 3436 i.
663 3428 667 3436 .

104 3447 488 3503 a.mep‹o‹s.v0u1unoreauo
504 3450 527 3491 lu
582 3409 588 3450 Ι
608 3450 630 3494 5.
656 3449 795 3503 Creditmuou
816 3454 948 3494 concentum.
971 3444 1011 3502 Uul

80 3508 103 3554 p·
115 3498 162 3544 281.
581 3504 713 3547 assemble'e
729 3504 758 3548 de
787 3506 930 3551 creanclers.
954 3499 1011 3542 dabi-

100 3552 529 3612 maessevontanoteaiutapus.
583 3561 639 3601 nius
649 3558 704 3600 «ituit
720 3562 818 3603 roravert
831 3560 860 3602 de
881 3558 958 3602 ‹lettes
