2244 3848
78 245 136 302 :til-2
338 257 390 300 aas
412 255 555 301 msuooas
575 255 778 301 consonamus

77 413 176 473 quum
192 394 222 452 in
240 394 300 452 hac
311 394 403 466 urbe,
421 391 505 468 quia
517 391 694 468 republica
706 390 910 466 deiecerunt,
922 391 1031 451 civium

75 485 150 562 jura
165 486 349 544 tenuerunt.
368 482 415 540 ltn
429 480 585 563 invidiam
600 480 801 558 posteritatis
820 480 940 540 times?
962 482 1033 541 Pre-

79 575 199 634 claram
219 590 295 632 vero
316 571 436 649 populo
461 571 608 630 Romano
624 571 726 630 refers
744 571 896 649 gratiam,
923 571 977 648 qui
995 576 1032 644 te,

53 664 249 723 ¹hominem
279 679 336 738 per
364 665 395 721 te
423 659 602 736 cognitum,
638 660 728 721 nulla
755 659 1034 720 commendatione

79 752 241 829 majorum
254 753 276 825 ¹,
301 755 367 810 tem
390 754 516 810 mature
538 749 577 809 ad
597 767 764 809 summum
786 749 965 827 imperium
984 766 1035 827 per

80 859 194 902 onmes
214 842 377 900 honorum
397 839 515 917 gradus
534 839 658 912 extulit,
681 840 708 898 si
724 842 858 916 propter
872 839 1034 913 invidiam,

79 935 134 992 aut
147 931 287 1009 alicujus
303 928 439 1008 periculi
455 933 593 1002 metum,
609 930 747 990 salutem
768 929 893 988 civium
911 933 1035 991 tuorum

80 1020 235 1098 neglegis,
256 1022 304 1080 29.
327 1019 400 1093 Sed,
419 1019 446 1079 si
465 1019 538 1096 quis
555 1022 604 1078 est
617 1018 745 1078 invidia
770 1023 894 1103 metuS,
911 1022 1037 1080 nonest

81 1109 308 1170 vehementius
322 1109 503 1169 severitatis
523 1126 560 1169 ac
577 1107 776 1168 fortitudinis
791 1106 928 1183 invidia,
944 1125 1037 1191 quam

82 1200 205 1260 inertiae
229 1217 265 1259 ac
288 1200 441 1276 nequitiae
465 1198 737 1276 pertimescenda.
763 1198 822 1271 An,
853 1216 932 1258 cum
959 1196 1038 1258 bello

80 1289 261 1350 vastabitur
281 1286 382 1364 ltalia,
404 1290 609 1349 vexabuntur
631 1288 739 1361 urbes,
759 1290 845 1348 tecta
869 1288 1036 1359 ardebunt,

79 1384 149 1440 tum
175 1382 206 1440 te
231 1394 297 1440 non
323 1378 490 1439 existimas
521 1377 649 1438 invidiae
676 1375 827 1438 incendio
855 1378 1040 1458 conflagra-

82 1471 243 1529 alrami»

122 1587 187 1647 llll.
212 1586 269 1646 llis
292 1604 350 1663 ego
376 1584 593 1647 sanctissimis
615 1585 661 1645 rei
688 1584 827 1664 publicae
843 1586 992 1662 vocibus,
1012 1591 1040 1647 et

83 1693 197 1736 eorum
214 1676 398 1748 hominum,
416 1677 471 1753 qui
486 1675 573 1735 idem
585 1674 740 1744 sentiunt,
756 1676 925 1736 mentibus
940 1693 1043 1755 pauca,

82 1765 298 1844 respondebo.

118 1952 150 2004 lit
164 1949 192 2004 le
209 1950 310 2004 consul
324 1947 437 2021 repond
453 1949 540 2021 qn'en
555 1948 669 2021 turpant
686 1948 713 2004 le
729 1948 874 2021 coupable
899 1949 916 2007 a
934 1950 1042 2022 quitter

83 2033 184 2100 llome,
200 2031 221 2084 il
235 2030 288 2084 fait
301 2028 495 2102 cornprendra
512 2028 528 2084 'a
543 2034 607 2085 tout
620 2030 648 2085 le
666 2028 773 2085 monde
791 2047 823 2085 sa
838 2032 1001 2103 perversite
1016 2036 1042 2087 et

83 2109 182 2172 donne
197 2110 214 2166 a
228 2109 257 2166 la
272 2110 457 2182 llepublique
475 2109 633 2166 l'occasion
655 2107 690 2165 de
713 2124 744 2165 se
764 2106 965 2180 deborrasser,
984 2128 1042 2168 non

83 2192 248 2247 seulement
268 2191 303 2247 de
326 2191 461 2258 Catilina,
484 2191 560 2246 mais
580 2204 616 2246 an
635 2190 729 2246 mama
746 2196 842 2264 temps
858 2190 895 2248 de
911 2197 980 2249 tous
1002 2193 1042 2249 les

83 2274 237 2344 mechants
254 2274 328 2346 (uu).

117 2354 211 2424 Apres
235 2370 267 2409 oe
292 2358 480 2409 monvement
504 2353 706 2425 d’dloquenca,
726 2353 754 2409 le
777 2354 912 2411 discours
933 2370 964 2411 se
983 2360 1041 2411 ter·

82 2434 162 2488 mine
182 2451 235 2505 pur
253 2450 311 2489 una
330 2441 430 2490 courte
446 2437 622 2490 Paaonarsou
646 2434 697 2504 qui
716 2434 845 2490 contient
862 2450 922 2492 une
943 2437 1041 2508 priene

83 2514 99 2569 a
113 2515 226 2586 iupiter
246 2516 343 2570 Stator
358 2520 387 2570 et
408 2531 465 2570 une
491 2514 627 2570 derniere
652 2515 830 2586 apostropha
860 2515 1040 2573 aCatilina:

34 2608 39 2615 ·
81 2616 95 2645 (ι
112 2597 285 2666 Proficiscere
301 2597 336 2651 od
351 2598 467 2667 impium
481 2596 581 2651 bollum
595 2612 627 2650 oc
643 2597 865 2665 cesariensi...»
888 2597 972 2671 (uui.)

181 2829 206 2866 ll.
229 2844 263 2852 -
283 2828 381 2867 cuano
402 2829 428 2866 lii
450 2828 595 2867 canullan
615 2828 737 2869 saccant
757 2829 793 2867 ‚tn
812 2829 941 2870 POPULUli

118 2991 171 3045 Les
184 2991 345 3061 premieres
362 2990 478 3063 perolas
495 2989 529 3046 de
546 2992 669 3046 Ciceron
690 2996 755 3047 sont
774 2991 826 3047 des
849 2990 1043 3051 solicitations

83 3087 140 3141 qne
164 3071 191 3124 le
215 3071 317 3126 consul
335 3072 454 3126 adresse
475 3087 512 3126 au
533 3071 641 3143 peuple
665 3088 703 3126 au
727 3074 804 3144 sujet
826 3072 866 3128 du
885 3073 993 3146 depart
1010 3075 1043 3130 de

83 3149 220 3205 (tutilina.
239 3149 445 3222 L'expression
466 3151 500 3205 de
515 3167 547 3205 sa
558 3150 620 3222 joie
636 3168 667 3206 se
683 3153 840 3207 manifeste
860 3171 915 3224 par
931 3154 1043 3211 l'abon-

83 3231 176 3285 denae
190 3230 241 3286 des
255 3238 330 3286 mots
350 3233 367 3288 a
389 3248 446 3303 peu
470 3231 537 3303 pres
551 3248 731 3304 synonymes
747 3233 796 3304 qui
813 3235 973 3306 indiqueut
988 3254 1043 3308 que

81 3313 109 3367 lc
131 3312 333 3382 conspirateur
352 3311 420 3367 s'est
435 3313 515 3366 eniui
535 3313 569 3367 da
586 3314 676 3367 Rome
692 3332 698 3368 :
715 3313 736 3366 il
756 3331 819 3370 sera
840 3314 918 3371 done
933 3318 1043 3388 permis

85 3390 205 3446 descire
221 3407 279 3446 nne
295 3408 400 3464 guerre
416 3397 545 3447 ouverto.
568 3393 643 3447 C'est
662 3410 737 3464 pour
757 3395 875 3450 obtenir
891 3413 924 3452 ce
947 3396 1043 3454 resul-

112 3533 131 3579 l.
145 3533 339 3575 i'ommemlotiouc
347 3535 523 3589 ›rrrtjorunul'oir
536 3536 569 3579 les
580 3538 647 3581 uoles
658 3536 671 3579 2
683 3541 705 3581 ci
714 3538 726 3582 3
736 3538 799 3586 dela
809 3551 831 3593 p.
841 3538 889 3583 283.
