2250 3818
272 306 308 351 cs
331 315 344 344 «
369 308 425 353 rno
447 310 473 353 c.
499 311 618 355 ararnio
641 310 775 356 rosrouo
799 318 813 349 »
963 294 1021 354 lli

65 458 127 500 arn
143 440 272 518 pridem
287 442 321 499 in
336 433 435 502 Foro1
457 461 522 502 non
535 444 739 503 haberemus.
756 444 812 504 llle
824 462 923 504 onera
937 443 1023 504 mul-

60 546 172 589 :orum
188 530 286 607 hujus
305 531 485 591 amicorum
508 534 633 610 excepit
652 550 748 605 unus,
773 550 908 611 quaeque
928 534 1022 593 multi

60 619 215 679 homines
255 620 432 679 necessarii
466 621 616 681 secundis
649 624 794 682 Postumi
833 624 941 683 rebus'
969 623 1023 682 de-

60 708 201 786 scripta²
214 710 447 775 sustinuerunt,
457 728 543 770 nunc
557 712 627 788 ejus
642 712 770 771 afflictis
786 711 936 777 lortuuis,
949 713 1021 772 uni-

60 814 158 858 versa
173 799 321 859 sustinet.
343 800 497 859 Umbram
514 801 631 877 equitis
645 801 781 861 Romani
798 805 830 860 et
844 801 1020 878 imaginem

60 886 191 956 videtis
206 887 345 965 judices
362 890 458 949 unius
480 890 576 950 amici
601 895 824 950 conservatam
847 890 968 949 auxilio
989 894 1020 950 et

60 977 139 1037 fide.
154 977 239 1036 Nibil
259 978 335 1037 huic
356 979 435 1057 eripi
457 984 572 1057 potest,
599 984 714 1056 praeter
729 980 792 1039 boc
808 980 1018 1039 simulacrum

60 1067 208 1145 pristinis¹
224 1067 386 1144 digniatis,
404 1070 490 1145 quod
508 1069 612 1129 Caesar
637 1071 726 1129 solus
742 1073 860 1141 tuetur,
878 1073 909 1129 et
922 1069 1018 1129 susti·

60 1160 134 1228 net;
154 1173 225 1232 quie
246 1157 388 1233 quidem,
416 1159 449 1217 in
471 1159 664 1218 miserrimis
680 1160 788 1230 rebus,
812 1159 888 1218 huic
909 1163 1019 1219 tamen

60 1245 233 1305 tribuenda
247 1247 388 1306 maxima
402 1251 466 1306 est..
477 1248 544 1307 Nisi
559 1266 636 1307 vero
652 1248 713 1308 boc
730 1248 885 1307 mediocri
901 1248 1018 1306 virtute

60 1334 145 1394 effici
169 1339 286 1412 potest,
312 1338 347 1395 ut
369 1340 478 1395 tantus
501 1337 553 1396 ille
574 1339 622 1396 vir
647 1338 726 1396 tenti
751 1337 846 1396 ducat
866 1336 962 1405 bunc,
988 1340 1020 1395 et

60 1423 218 1483 afflictum
233 1426 423 1502 praesertim,
444 1429 475 1485 et
493 1427 670 1498 absentem,
688 1431 719 1487 et
735 1427 768 1487 in
787 1431 875 1486 tanta
890 1425 1019 1485 fortuna

60 1530 133 1578 sua,
159 1517 195 1572 ut
212 1514 348 1573 alienam
373 1516 533 1592 respicere
561 1534 715 1594 magnum
741 1517 793 1582 sit,
820 1519 852 1575 et
875 1516 907 1573 in
931 1519 1018 1573 tanta

60 1603 275 1679 occupatione
307 1605 521 1663 maximarum
556 1623 675 1673 rerum,
705 1622 783 1681 quas
815 1605 896 1681 gerit
921 1607 1017 1679 atque

60 1692 188 1769 gessit³,
212 1697 248 1751 ut
262 1692 312 1751 vel
330 1694 477 1753 oblivisci
498 1694 637 1754 aliorum
657 1695 782 1754 nonsit
800 1695 932 1765 mirum,
953 1692 1015 1759 vel,

60 1783 86 1842 si
100 1782 298 1849 meminerit,
316 1782 450 1842 oblitum
465 1785 561 1844 etiam
578 1784 670 1844 facile
686 1785 790 1861 possit
804 1783 950 1859 probare.

98 1919 150 1977 11.
182 1917 295 1978 Multas
324 1919 474 1996 equidem
502 1921 534 1980 C.
561 1921 694 1980 Gesseris
725 1921 859 1979 virtutes
883 1934 1018 1996 magnas

60 2007 336 2085 incredibilesque
356 2010 504 2085 cognovi,
527 2009 584 2069 sed
606 2014 681 2069 sunt
701 2014 816 2070 ceterae
839 2009 1017 2086 majoribus

60 2097 154 2175 quasi
171 2096 305 2157 theatris
325 2099 510 2176 propositae,
531 2104 561 2158 et
577 2116 667 2176 prone
689 2099 872 2177 populares.
899 2097 1017 2157 Castris

60 2186 169 2249 locum
182 2204 307 2264 capere,
325 2189 503 2248 exercitum
519 2188 690 2261 instruere,
708 2204 892 2264 expugnare
907 2186 1016 2259 arbee,

60 2277 165 2337 aciem
190 2276 334 2336 hostium
361 2277 542 2354 profligare,
571 2277 654 2336 hauc
676 2277 742 2336 viui
762 2275 931 2352 frigorum,
954 2274 1018 2334 bie·

60 2382 226 2442 mumque,
249 2383 346 2442 quam
368 2383 428 2424 nos
450 2367 503 2424 vix
528 2366 625 2442 hujus
650 2366 740 2424 urbis
764 2365 856 2424 tectis
879 2364 1017 2423 sustine-

60 2470 145 2526 mus,
159 2454 316 2531 excipere,
334 2454 374 2512 iis
387 2454 467 2531 ipsis
483 2454 596 2514 dicbus
610 2454 737 2513 hostem
755 2454 917 2531 persequi,
934 2457 1014 2525 trun,

60 2558 133 2601 cum
151 2542 248 2601 etiam
265 2542 340 2602 serae
356 2541 496 2602 latibulis
512 2561 546 2602 se
562 2547 670 2619 tegant
694 2547 789 2620 atque
806 2543 916 2601 omnia
932 2541 1017 2601 bella

60 2629 127 2707 jure
143 2630 289 2707 gentium
303 2631 532 2707 conquiescant
548 2649 554 2690 :
572 2635 647 2691 sunt
670 2649 708 2690 ea
732 2630 864 2708 quidem
881 2647 1015 2705 iriagna;

61 2719 132 2795 quis
148 2720 264 2795 negat?
280 2720 337 2779 sed
355 2721 482 2797 magnis
496 2721 632 2780 excitata
648 2725 723 2779 sunt
743 2719 884 2797 praeieris
901 2735 937 2777 ac
950 2734 1017 2777 me·

60 2809 165 2868 moria
185 2808 357 2868 bominum
378 2811 586 2887 sempiterna.
608 2809 699 2881 Quod
721 2808 830 2868 nriuns
855 2806 1018 2867 admiran-

88 2996 105 3037 l.
117 2993 145 3035 ln
160 2994 371 3038 rerumrerum
391 2995 422 3038 on
438 2997 510 3039 Rabi-

61 3048 110 3090 rius
129 3048 258 3091 Postumus
281 3048 385 3091 n'auralt
406 3049 459 3102 plus
479 3061 510 3104 pu

63 3100 162 3161 paraltrc
174 3112 231 3145 avec
255 3102 290 3144 les
301 3102 441 3152 chevaliers,
457 3105 476 3144 si
488 3104 511 3145 la

64 3152 190 3207 generosae
205 3154 319 3199 dectior
339 3166 367 3198 ne
390 3155 424 3198 lui
445 3158 510 3199 avait

90 3209 146 3250 nnis
155 3209 183 3252 ile
194 3218 322 3252 conserver
333 3209 354 3253 lc
362 3220 418 3253 oens
429 3206 510 3264 eques-

86 3312 104 3358 ἰ
119 3314 239 3370 Descrr'pto
249 3316 381 3371 s'opposeit
401 3318 511 3360 liniter-ru.

68 3366 169 3412 lllusion
181 3380 230 3412 aux
246 3380 348 3414 avanccs
359 3380 404 3426 que
419 3369 440 3413 le
460 3372 512 3414 che-

65 3419 134 3465 mlier
143 3420 266 3477 publicam
277 3422 512 3468 devaitsolliciterda

62 3480 105 3535 ,περΙ
123 3484 138 3517 ι
163 3475 184 3519 la
213 3477 238 3525 ul
249 3476 432 3533 repartiasaient
446 3481 512 3520 entre

68 3526 124 3585 m(
163 3530 198 3571 cri
236 3534 276 3573 unt
291 3530 441 3577 ;voirlesn.
459 3530 511 3575 2dc

60 3574 119 3647 lq)
132 3580 171 3629 w
182 3580 296 3629 errrore
304 3593 330 3636 p.
346 3582 395 3638 356)
405 3583 511 3639 limpor-

567 2999 634 3038 tance
648 2996 679 3038 du
693 2996 744 3050 pret
756 3005 801 3049 que
812 2995 907 3037 chacun
927 2992 1019 3046 s'impo-

565 3051 620 3091 salt.
644 3047 715 3092 Cesar
738 3048 865 3102 accomplit
887 3046 946 3089 tllui
967 3045 1018 3088 seul

565 3114 625 3156 pour
636 3104 752 3145 Rabirius
764 3101 834 3143 ruine
853 3111 879 3143 ce
891 3110 937 3162 que
955 3098 1019 3153 jadls

565 3160 618 3198 tous
630 3156 663 3199 les
679 3157 741 3199 amis
754 3155 785 3196 du
799 3154 922 3208 publicam
933 3152 1020 3194 s'unis-

565 3211 642 3253 saient
654 3220 713 3264 pour
724 3210 784 3250 inire
795 3218 824 3250 cu
835 3209 920 3250 laveur
930 3206 958 3249 dc
968 3207 1020 3248 leur

566 3274 621 3306 amr.

593 3316 613 3359 3.
622 3315 703 3357 Gessit.
713 3315 903 3368 Compareravec
912 3312 1019 3366 imeae

567 3371 604 3414 de
619 3370 705 3425 Sylla.
727 3368 782 3422 (Pro
802 3368 882 3409 Raecio
904 3366 1019 3414 interino,

566 3436 616 3473 viu,
629 3422 676 3478 21);
699 3422 723 3464 la
748 3423 811 3464 suile
825 3420 856 3463 du
878 3416 1018 3473 niveloppe-

566 3480 631 3520 ruent
643 3478 699 3532 peut
715 3486 740 3519 se
757 3484 881 3529 comparer
896 3484 954 3516 avec
968 3473 1018 3515 ΥΕ

566 3532 635 3587 1098
657 3532 695 3576 de
719 3528 815 3575 (ihm
828 3528 886 3584 lPre
909 3524 1036 3569 Marcello,

566 3588 644 3643 n-rul.
