2250 3818
297 213 334 255 aa
358 221 372 249 a
389 213 545 257 urvrua'rro
567 215 597 256 m
618 216 646 266 o.
670 215 817 259 ctuernuu
834 222 849 253 a
989 199 1046 257 lati

82 348 198 425 ltaque
228 364 357 423 semper
383 347 405 406 ii
440 346 691 424 diligentissime
723 349 1044 427 laboriosissimeque

83 440 293 506 accusarunt,
311 437 416 514 quise
433 437 523 515 ipsos
544 439 577 498 in
597 437 775 500 discrimen
797 439 1045 500 existimationis

82 529 197 587 venire
214 525 359 586 arbitrati
375 532 463 587 suut.

122 635 221 694 xxll.
239 635 342 704 Quam
354 634 393 694 oh
411 652 479 695 rem
495 634 558 694 hoc
574 639 727 709 statuere,
748 636 887 712 judiccS,
906 638 1043 711 debetis

82 725 119 797 Q.
145 723 323 793 Caecilium,
348 723 386 783 de
411 742 474 801 quo
503 725 592 785 nulla
619 742 765 802 unquam
795 726 905 803 opinio
932 727 1041 804 suerit,

81 814 239 891 nullaque
255 813 288 871 in
303 814 365 873 hoc
381 813 452 891 ipso
466 813 591 890 judicio
614 816 811 892 exspectatio
830 817 836 849 ¹
864 816 971 875 sutura
988 817 1042 887 sit,

82 903 139 982 qui
154 906 312 980 nequent
331 907 403 963 ante
420 903 587 963 collectam
604 903 724 979 faniam
737 910 920 978 conservet,
937 924 1042 982 noque

80 992 128 1053 uti
154 992 273 1070 reliqui
301 991 458 1071 temporis
483 1010 574 1069 spem
600 994 781 1068 conlirmet,
813 994 949 1066 laborat,
977 1014 1042 1054 non

79 1082 181 1143 nimis
198 1082 281 1142 hanc
295 1099 429 1141 causam
453 1099 577 1155 severe,
595 1100 661 1142 non
678 1083 775 1143 nimis
803 1090 963 1155 accurate,
976 1103 1043 1145 non

79 1174 180 1232 nimis
202 1172 375 1248 diligenter
389 1175 557 1245 acturum,
583 1171 681 1232 hahet
702 1173 788 1233 onim
807 1174 888 1233 nihil
907 1175 1042 1252 uncidin

79 1263 261 1323 ollamsione
277 1260 447 1337 deperdat3
464 1265 500 1320 ut
516 1260 705 1338 turpissime
722 1263 1041 1340 flagitiosissimeque

79 1352 239 1424 discedat,
262 1350 341 1409 nihil
367 1350 406 1409 de
430 1350 498 1410 suis
517 1351 682 1411 veteribus
708 1354 905 1412 ornamentis
933 1354 1042 1430 requi-

79 1445 137 1501 ret.
152 1442 243 1501 'rhu
264 1440 358 1500 nobis
376 1440 498 1500 multos
524 1440 655 1500 obsides
672 1443 682 1476 ²
707 1441 803 1501 habel
826 1443 968 1520 populus
980 1444 1041 1503 llo·

79 1549 209 1603 manuS,
229 1547 313 1607 quos
333 1534 369 1590 ut
396 1530 579 1590 incolumes
601 1547 806 1604 conservare,
838 1533 932 1605 tueri,
964 1551 1040 1593 con-

80 1620 209 1680 firmare
224 1637 262 1680 ec
286 1636 477 1696 recuperare
499 1620 679 1696 possimuS,
707 1622 795 1680 omui
821 1623 946 1682 rationo
978 1622 1040 1682 erit

34 1734 38 1741 ·
80 1709 314 1771 dimicandum.
333 1710 435 1769 Habet
456 1709 626 1782 honorem,
647 1728 743 1787 quem
774 1712 926 1788 petimus,
944 1712 1040 1773 hahet

81 1817 182 1878 spem,
201 1817 302 1878 quam
317 1798 518 1877 propositam
534 1799 628 1859 nobis
650 1800 820 1873 hahemus,
847 1802 1039 1862 hahetexis-

80 1891 293 1962 limationem,
317 1888 420 1947 multo
437 1887 566 1961 sudore,
585 1888 694 1949 labore
712 1889 734 1962 ³,
763 1891 948 1969 vigiliisque
972 1892 1039 1952 col-

81 1978 206 2052 lectam,
220 1981 268 2051 ut,
286 1978 313 2035 si
330 1977 364 2035 in
380 1976 441 2037 hac
460 1993 559 2036 causa
575 1970 723 2036 nostrum
746 1977 891 2039 osticium
909 1999 945 2040 ac
967 1980 1038 2040 dili-

34 2090 38 2098 ·
82 2070 218 2145 gentiam
232 2067 493 2144 probaverimus,
511 2066 591 2137 hauc,
619 2084 689 2143 qua*
713 2067 789 2142 dixi,
815 2070 954 2129 retinere
979 2087 1035 2147 per

34 2172 36 2177 ·
83 2159 236 2235 populum
261 2157 445 2216 Romanum
471 2155 650 2215 incolumia
675 2174 711 2217 ac
734 2158 822 2219 salva
848 2160 1030 2236 possimus3

34 2316 37 2327 Ι
83 2246 105 2305 si
116 2247 282 2309 tantulum
299 2246 461 2306 offensum
481 2245 748 2323 titubatumquet
767 2249 819 2321 sit,
841 2253 877 2307 ul
896 2267 943 2321 ea,
959 2267 1029 2326 quan

33 2392 36 2397 .
84 2339 268 2415 singillatim
295 2355 331 2396 ac
352 2336 407 2395 diu
434 2336 570 2395 collecta
600 2342 686 2409 sunt,
710 2356 774 2396 uno
795 2343 940 2417 tempore
967 2339 1037 2397 uni-

33 2500 36 2509 Ι
84 2444 168 2488 versa
196 2428 385 2506 perdamus.
410 2427 459 2484 73.
486 2425 698 2502 Quapropter,
724 2427 863 2504 judicas,
891 2433 1034 2488 vestrum

33 2534 36 2569 r
85 2522 123 2578 est
138 2518 293 2594 deligere,
312 2533 408 2593 quom
432 2514 624 2575 existimetis
637 2515 788 2577 facillimo
801 2536 896 2594 posse
912 2518 1035 2594 magni-

33 2650 36 2687 ,
85 2608 224 2667 tudinem
241 2623 346 2665 causae
367 2622 403 2665 ac
426 2603 543 2679 judicii
564 2604 724 2665 sustinere
754 2606 828 2676 lide,
855 2607 1032 2684 diligentia,

33 2700 35 2773 ζ
86 2696 225 2770 consilio,
248 2694 448 2755 auctoritate.
466 2693 530 2752 Vos
546 2693 573 2751 si
589 2693 669 2752 mihi
695 2695 729 2765 Q.
754 2696 919 2755 Caecilium
946 2702 1035 2754 anto-

87 2785 262 2859 posueritis,
285 2802 343 2863 ego
372 2800 425 2843 me
456 2780 612 2857 dignitate
641 2790 830 2861 superatum
863 2803 929 2844 non
949 2784 1034 2844 arhi-

33 2900 36 2909 ·
88 2876 183 2936 nabor
199 2892 207 2934 ε
224 2875 366 2952 populus
393 2873 563 2932 Romanus
590 2889 631 2933 nc
661 2877 726 2933 tam
754 2875 937 2952 honestam,
967 2878 1034 2934 tam

32 3022 35 3085 j
106 3022 123 3067 l.
138 3027 249 3079 lpmio...
266 3025 413 3078 proprietatio.
427 3023 522 3066 Comme
577 3023 706 3075 justornont
721 3036 780 3067 cour
802 3038 848 3081 quc
868 3026 979 3069 (reditus
1003 3036 1033 3069 ne

32 3088 35 3105 ¹
90 3089 111 3118 ou
121 3079 155 3121 n'a
168 3091 199 3133 pu
210 3091 235 3123 sc
245 3079 306 3122 taire
320 3088 414 3121 aucune
424 3077 523 3132 opinion
579 3081 633 3131 peut
644 3078 777 3131 presentar:
787 3081 965 3133 l'olloctasrmm,
975 3092 1033 3132 spru,

32 3176 35 3189 ¹
90 3129 340 3186 tumultuariorum
359 3144 392 3174 uu
412 3133 517 3173 inconnu
579 3137 652 3173 :aloru
668 3138 810 3174 orrummnlu.
832 3134 931 3177 Clodi-on
952 3146 981 3176 va
999 3132 1033 3176 lcs

90 3182 137 3226 dans
156 3187 188 3229 las
204 3187 344 3233 trihunuux.
363 3197 393 3228 on
414 3197 443 3228 nc
468 3187 524 3237 pern
578 3181 713 3228 cnumcrcr.

92 3237 130 3295 ltvn
143 3240 245 3283 attondro
257 3240 287 3283 tle
302 3239 336 3282 lui
351 3250 412 3293 pour
432 3250 458 3281 ce
471 3250 523 3292 plu-
604 3241 625 3280 3.
642 3239 717 3280 ,llulto
729 3240 816 3285 oratoru,
833 3241 915 3283 latore.
927 3242 964 3283 Cf.
984 3241 1030 3281 Pro

92 3298 127 3331 tus.
578 3291 681 3341 Fonteio,
697 3306 721 3340 v.
737 3293 776 3337 12:
803 3294 921 3348 ,trahoque
934 3296 982 3349 eju.»-
997 3308 1031 3333 su·

111 3344 128 3387 Ξ.
139 3345 218 3387 thallos
232 3345 438 3393 ‹lorilliano-sidon,
457 3359 481 3390 se
494 3349 523 3389 ill·
580 3345 633 3386 doro
647 3359 674 3387 ac
687 3346 771 3391 lirinum,

94 3397 122 3437 llil
140 3402 232 3453 duplos,
259 3402 333 3442 solvil*
356 3399 384 3440 du
404 3401 519 3442 iconion.
606 3398 628 3442 d.
661 3401 771 3454 Offensum
808 3403 977 3443 titulenturmuc.
1006 3402 1029 3443 Si

95 3447 260 3498 leonombreux
275 3464 347 3507 aragus
366 3465 412 3508 que
426 3453 523 3496 tlicdron
581 3452 792 3506 quelqucobstacle
801 3457 893 3504 heurte,
906 3456 951 3499 hut
961 3458 1033 3499 chan-

96 3510 183 3553 premia
199 3521 230 3549 au
255 3509 339 3561 perrple
359 3509 449 3549 ruinam
472 3510 526 3549 <ont
580 3506 1038 3563 ‹ulcrlariputationdcl'aiccusataur.
