2250 3818
261 238 313 284 tas
337 246 351 277 α
375 238 541 283 onmrouus
564 238 635 284 rosr
658 237 791 282 nuurruu
815 243 828 273 »
967 219 1024 277 367
1061 208 1063 214 ’

66 380 171 432 retour
183 375 219 431 de
230 373 327 430 l'exiie
337 394 344 431 :
355 375 398 431 les
407 374 532 444 tribuas,
543 374 587 429 les
597 376 742 445 pretence,
752 371 879 443 Pompee
889 369 1026 445 (uu-xri).

65 457 159 529 apres
175 456 256 512 avoir
270 455 323 531 fait
341 455 495 526 l'apologie
511 456 547 510 de
566 471 598 511 sa
615 454 754 511 conduite
771 453 924 524 potitique,
944 451 1026 506 Cice·

65 555 120 593 ron
136 538 264 593 termine
281 554 318 593 en
332 537 484 593 declarant
500 536 572 608 qu'il
588 541 632 591 est
644 536 710 606 prit
721 535 737 591 a
748 536 891 590 affronter
905 534 941 588 de
955 550 1029 589 nou·

66 635 141 674 veau
156 624 223 674 tous
237 618 280 673 les
297 618 422 689 dongers
437 634 512 690 pour
526 617 553 672 le
570 616 647 672 salut
663 617 697 671 de
713 617 803 671 Rome
818 613 956 688 (mu-xv).

147 823 174 862 B.
194 836 230 849 ···
250 826 264 855 t(
279 822 379 861 oratio
399 823 465 861 POST
484 822 601 862 neutrum
621 823 656 860 ab
676 820 800 868 quinitas
820 819 918 857 flamm
932 824 946 853 >t

100 961 138 1016 Le
156 961 235 1033 sujet
251 960 289 1014 du
309 959 443 1015 discours
463 975 500 1014 au
516 958 622 1031 peuple
639 961 684 1014 est
707 956 735 1013 le
750 955 847 1012 meme
871 972 928 1027 que
951 956 1027 1011 celui

64 1042 105 1098 du
120 1040 258 1097 discours
271 1057 309 1095 eu
319 1040 407 1096 Se'nat
422 1045 451 1095 et
465 1040 507 1095 les
519 1040 777 1112 developpements
792 1054 822 1094 se
831 1037 1028 1093 ressemblent

63 1123 232 1193 beaucoup.
250 1120 544 1191 LuPtnonarson,oi1
566 1120 708 1176 l’oratcur
728 1118 861 1192 rappelle
881 1119 924 1175 les
941 1118 1026 1174 bien·

62 1204 132 1259 faits
144 1203 185 1258 du
199 1202 307 1274 peup¹1e
319 1207 348 1258 et
362 1219 470 1273 exposa
483 1207 633 1258 comment
648 1201 669 1256 il
679 1202 864 1274 te'moigncra
877 1217 909 1256 sa
919 1217 1024 1256 rocon·
1059 1215 1062 1219 ·

62 1285 233 1351 ocissume,
256 1284 352 1338 donne
372 1300 431 1339 una
447 1284 512 1338 ide‘e
533 1283 685 1339 sutsssante
701 1282 752 1338 des
768 1282 850 1338 lieux
868 1298 1023 1338 commuus

61 1365 137 1423 dont
150 1365 323 1423 l’ensernble
339 1382 477 1440 compose
493 1364 610 1421 l'Orotio
625 1366 661 1420 oct
676 1366 807 1431 Quirites.

60 1586 249 1645 comment
264 1583 415 1643 ciceron
428 1597 617 1654 prouvera
634 1597 681 1642 se
695 1581 1019 1642 reconnaissanoe.

60 1776 62 1781 '
102 1765 156 1824 lx.
182 1763 339 1841 Denique,
359 1764 511 1838 Quirites,
535 1763 690 1842 quoniam
706 1780 758 1822 mc
776 1762 933 1841 quatuor¹
949 1778 1021 1820 orn-

63 1854 145 1913 nino
169 1854 342 1914 hominum
365 1871 482 1933 genera
500 1855 671 1929 violarunt,
690 1870 793 1913 unum
816 1853 942 1926 eorumg
965 1851 1022 1929 qui

61 1942 137 2002 odio
151 1942 198 2002 rei
211 1943 359 2020 publicio,
374 1942 460 2019 quod
475 1961 546 2004 eam
563 1942 643 2022 ipsis
655 1942 765 2003 invitis
779 1958 1020 2014 conservarem,

60 2030 284 2091 inimicissimi
301 2032 381 2091 mihi
399 2032 540 2106 suerunt,
551 2032 690 2093 alterum
704 2032 759 2110 qui
773 2050 830 2110 per
843 2030 1022 2091 simulatio·
1042 2031 1046 2037 '

60 2139 135 2183 nem
160 2122 310 2182 amicitiae
332 2122 455 2183 nefarie
474 2141 527 2183 me
547 2122 769 2200 prodiderunt,
791 2122 935 2195 tertium,
964 2121 1019 2197 qui

60 2229 134 2271 cum
148 2216 279 2291 propter
300 2212 448 2272 inertiam
465 2230 558 2273 suam
582 2212 694 2273 eadem
713 2211 844 2288 assequi
859 2228 925 2270 non
943 2226 1019 2287 pos·
1084 2258 1086 2262 ,

60 2305 143 2374 scut,
161 2301 346 2361 inviderunt
361 2302 447 2362 laudi
462 2308 493 2362 et
509 2303 656 2381 dignitati
671 2319 763 2376 mera,
781 2306 944 2378 quartum,
962 2302 1019 2377 qui
1101 2333 1103 2337 ν

60 2408 132 2451 cum
164 2390 317 2450 custodes
340 2392 386 2451 roi
408 2393 544 2469 publica
569 2410 639 2453 esse
662 2391 845 2463 deberent²‚
876 2390 1017 2452 salutem

60 2496 178 2549 meam,
189 2484 309 2540 statum
322 2481 473 2555 civitatiS‚
489 2481 679 2558 dignitatem
689 2481 760 2558 ejus
772 2481 911 2558 imperii,
929 2480 1017 2557 quod

60 2574 125 2630 arat
139 2587 239 2647 penes
259 2571 360 2647 ipsos,
382 2571 617 2631 vendiderunt:
642 2571 688 2630 sic
708 2571 845 2630 ulciscar
872 2572 1016 2649 singulo-

60 2676 129 2719 rum
163 2659 307 2719 facinora
329 2677 425 2736 quem
455 2661 494 2719 al
515 2660 650 2720 modum
681 2679 698 2719 a
725 2661 908 2737 quibusque
940 2676 1015 2718 sum

60 2753 262 2826 provocatum
280 2750 382 2809 malos
396 2749 494 2823 cives,
509 2768 578 2810 rem
591 2750 756 2827 publicam
765 2752 846 2810 bene
861 2749 1013 2825 gerendo,

60 2837 198 2915 perfidos
207 2839 342 2912 amicos,
354 2837 435 2898 nihil
447 2839 619 2913 credendo,
631 2844 727 2917 atquo
739 2839 849 2899 omnia
859 2839 1014 2912 cavendo,

59 2927 195 3000 invidum
220 2927 330 2987 virtuti
348 2933 379 2987 et
403 2929 513 3005 glorian
530 2929 711 3003 serviendo,
728 2934 923 2990 mercatores
940 2945 1016 3005 pro-

60 3017 235 3077 uinciarum
250 3019 272 3090 ²¹,
287 3018 469 3078 revocando
484 3019 631 3096 domum,
654 3024 751 3096 atque
768 3020 808 3079 ab
826 3017 865 3078 iis
884 3017 1015 3095 provin-

60 3107 181 3167 ciarum
197 3107 321 3167 ratione
335 3107 521 3185 repetenda.

78 3269 98 3312 t.
119 3268 227 3318 (tornator.
246 3265 345 3310 ciceron
366 3268 442 3311 classo
467 3279 503 3311 scs
560 3269 670 3311 auraicnt
680 3267 712 3310 du
722 3267 770 3310 ttre
782 3278 812 3309 au
822 3269 901 3310 moins
910 3266 945 3311 les
956 3271 1013 3307 uaro-

60 3322 162 3365 !nnemis
172 3330 273 3369 comme,
285 3321 375 3363 darts'lu
386 3322 503 3362 Itouriime
558 3322 668 3364 resunom'
677 3322 684 3371 t
688 3321 766 3362 Oratio
778 3321 800 3362 in
809 3320 904 3370 Senatu,
913 3333 941 3371 11,
952 3320 973 3374 fr)
984 3321 1012 3364 de

60 3374 190 3416 'fruitionire
200 3372 261 3428 (voir
272 3385 294 3428 p.
305 3374 363 3438 304),
378 3375 394 3416 il
405 3375 504 3419 classait
559 3377 579 3418 lu
591 3375 749 3429 nocuumque.

60 3438 84 3472 et
99 3426 232 3522 oomqtiice!
243 3427 271 3470 de
281 3428 394 3472 Catilina.
584 3430 604 3471 3.
611 3427 926 3481 ,isrrcutureaprouinciarum.
935 3428 1011 3472 «Cuttx

75 3478 99 3526 2.
116 3480 151 3523 De
165 3484 239 3523 erent.
251 3482 296 3524 Les
307 3483 404 3524 consuls
415 3484 440 3525 L.
452 3483 503 3526 Cal·
558 3485 600 3583 qui
625 3482 751 3538 trafiquent
776 3483 818 3525 des
844 3484 1010 3537 provinces.»

60 3536 157 3581 iuratus
174 3532 267 3578 Pisoet
280 3534 306 3577 A.
319 3536 448 3589 Gabinius,
461 3536 502 3592 qni
577 3538 623 3582 otte
653 3536 797 3594 expression
827 3536 963 3594 curruque
993 3547 1022 3577 aa
