2244 3848
84 236 142 293 3:56
190 252 244 294 ons
268 250 413 295 mscorns
434 220 635 295 consumans
656 251 719 295 aux
740 250 942 300 rnrurrrouus

122 389 171 445 os,
187 387 288 456 Quam
312 386 445 445 obrem
469 404 581 463 quaeso
605 404 623 444 a
646 387 752 449 robis.
776 385 908 445 Asiatici
930 391 1019 454 testes,

83 480 128 540 ut.
146 493 220 536 cum
237 491 310 534 vere
332 475 496 535 recordari
516 476 644 551 voletis,
661 480 821 553 quantum
844 475 1021 534 auctoritatis
1067 532 1069 537 .

83 566 116 624 in
126 565 290 641 judicium
307 564 457 639 afferatis,
474 570 601 626 vosmet
615 566 676 642 ipsi
690 565 885 626 describatis
895 567 905 599 ¹
915 564 1020 633 Asiam
1065 550 1069 577 ⁵

82 672 152 717 nec.
190 653 266 731 quid
292 654 503 731 alienigeum²
527 655 565 715 de
588 655 681 714 vobis
710 654 801 731 loqui
825 655 959 727 soleant,
981 651 1022 712 sed

83 744 160 821 quid
175 747 303 805 vosmet
316 744 378 821 ipsi
394 745 433 804 de
449 763 566 824 genere
583 747 690 805 vestro
706 745 869 818 statuatis
886 745 1023 804 memine-

82 833 164 894 ritis.
961 888 964 893 ⁴

122 925 280 1001 Namque,
298 929 333 986 ut
348 925 473 1002 opinor,
486 923 561 983 Asia
573 929 680 985 vestra
694 926 822 984 constat
836 941 878 983 ex
890 923 1022 1002 Phrygia,

84 1014 195 1091 Mysia,
213 1015 312 1087 Caria,
336 1012 470 1091 Lydia³.
493 1014 607 1073 Utrum
623 1013 721 1090 igilur
737 1018 890 1074 nostrum
916 1020 973 1087 est,
996 1029 1025 1071 au

82 1107 238 1175 vestrum,
256 1103 318 1162 lroc
331 1103 550 1181 proverbium,
568 1103 758 1180 «Phrygem
782 1103 887 1180 plagis
909 1102 975 1163 lieri
987 1117 1026 1160 so·

81 1191 146 1250 lere
169 1191 338 1251 meliorem
364 1193 400 1251 »l
429 1192 531 1262 Quid?
556 1192 595 1252 de
624 1197 691 1251 tota
718 1192 810 1252 Caria
838 1209 947 1253 nonna
977 1191 1026 1249 hoe

82 1285 189 1340 vestra
200 1298 279 1341 voce
295 1280 462 1358 vulgatum
478 1286 537 1356 est,
556 1307 570 1336 κ
591 1282 618 1341 si
634 1280 712 1358 quid
732 1299 808 1341 cum
824 1283 969 1360 periculo
983 1296 1026 1340 er·

82 1371 178 1448 periri
193 1370 284 1435 velis,
301 1371 334 1430 in
347 1372 423 1431 Care
437 1371 469 1431 id
489 1371 700 1448 potissimum
713 1388 786 1431 esse
803 1371 985 1432 laciendum
999 1367 1026 1424 »Ὺ

82 1461 163 1531 Quid
177 1479 273 1538 porro
290 1462 322 1520 in
339 1464 448 1520 tiraeco
465 1478 615 1520 sermone
629 1466 695 1520 tam
714 1460 827 1521 tritum
849 1467 944 1539 atque
961 1460 1026 1520 celc-

82 1550 209 1609 hratum
239 1554 296 1618 est,
326 1568 434 1627 quem,
456 1551 483 1610 si
511 1551 584 1627 quis
606 1548 813 1628 despicatui*
838 1552 974 1621 ducitur,
1000 1550 1025 1606 ut

84 1640 282 1716 «Mysorum
306 1640 441 1700 ultimus
465 1661 480 1696 o
507 1657 578 1700 esse
601 1639 751 1700 dicatur?
773 1641 855 1700 Nam
880 1639 957 1718 quid
978 1653 1023 1716 ego

81 1726 187 1787 dicam
217 1728 255 1788 do
283 1729 402 1806 Lydia?
423 1728 500 1799 Quis
527 1746 672 1806 unquam
691 1730 822 1789 Graecus
846 1727 1023 1789 oomoediaur

80 1815 220 1893 scripsit,
237 1818 268 1875 in
285 1835 348 1893 qua
364 1835 477 1877 servus
491 1818 672 1895 primarum
690 1820 832 1895 partium
850 1836 917 1880 non
932 1817 1022 1896 Lydus

80 1906 304 1998 essetlpuam
321 1907 361 1965 ob
377 1924 445 1967 rem
462 1925 533 1984 quae
548 1907 639 1967 vobis
662 1907 697 1966 sit
719 1907 851 1984 inJuria,
878 1908 906 1967 si
929 1903 1022 1966 statui-

80 2011 154 2053 mus
170 1999 277 2055 vestro
290 1996 385 2055 nobis
399 1997 523 2073 judicie
535 1997 686 2057 standum
703 2014 774 2057 esse
790 1997 830 2058 de
844 1997 956 2057 vohis?

120 2086 168 2142 oo.
182 2085 337 2161 Equidem
351 2085 431 2144 mihi
443 2086 514 2162 jam
526 2086 604 2147 satis
617 2104 780 2164 superque
794 2087 920 2146 dixisse
929 2085 1022 2145 videor

82 2172 120 2232 de
138 2174 277 2234 Asiatico
293 2192 411 2251 genere
427 2176 569 2235 testium.

114 2364 255 2418 liruxrizuu
271 2382 367 2418 mnne
383 2363 502 2436 (rrvm).
514 2396 550 2404 -
561 2367 604 2419 On
618 2363 784 2434 reproehoit
798 2364 879 2419 aussi
894 2364 1025 2419 dl'laoous

77 2444 187 2514 l'usage
213 2443 284 2514 qu'il
313 2445 390 2498 nvait
413 2445 465 2499 leit
489 2445 524 2499 de
549 2445 567 2498 l'
591 2464 605 2493 «
621 2461 726 2499 nurum
746 2445 945 2515 judaicum.»
968 2442 1026 2497 Tres

79 2525 243 2579 nombreux
259 2525 332 2579 daus
352 2530 448 2579 tontes
469 2526 511 2580 les
531 2525 686 2596 provinces
711 2529 739 2578 et
756 2530 874 2579 surtout
900 2542 937 2580 eu
960 2523 1025 2579 Asis.

77 2605 120 2660 les
137 2605 209 2659 tuiis
222 2607 232 2639 ὅ
247 2607 426 2677 envoyuient
441 2623 496 2660 une
520 2606 650 2660 certaiue
672 2605 804 2674 quamne
830 2603 894 2659 d'or
920 2605 937 2660 a
955 2606 1027 2658 Jeru-

78 2686 170 2740 salem
192 2703 267 2756 pour
286 2686 454 2740 l'entreticn
480 2687 519 2740 du
542 2686 661 2756 temple.
688 2685 808 2739 Flaccus
835 2685 982 2756 s'empara
1001 2683 1027 2737 de

78 2767 132 2820 l'or
155 2783 210 2836 que
234 2783 280 2820 ses
305 2766 494 2821 administres
515 2767 550 2820 de
573 2765 698 2837 religion
717 2765 797 2835 juive
822 2761 1028 2820 destinaienti

76 2848 142 2902 leur
157 2847 241 2900 ennii
258 2846 376 2906 aunuel,
394 2852 422 2900 et
438 2846 463 2900 le
480 2863 564 2900 versa
585 2863 622 2900 au
643 2848 736 2900 irrisor
751 2845 862 2915 public.
890 2846 944 2899 Les
967 2842 1029 2899 Juils

77 2927 175 2981 d'Asie
190 2927 362 2997 prdvinrent
372 2927 406 2999 de
419 2943 449 2981 ee
464 2927 519 2981 leit
533 2926 614 2981 leurs
629 2924 889 2996 corcligionnoircs
901 2926 936 2980 de
949 2928 1030 2980 llome

77 3007 127 3076 qui
144 3006 308 3060 excitdrent
322 3005 351 3059 la
364 3005 522 3060 multitude
539 3012 639 3060 contre
656 3007 787 3060 Flaccus.

103 3176 307 3220 l.ln³scritatis.u
325 3176 419 3218 Classez
438 3178 533 3218 suivant
615 3176 636 3220 i.
664 3175 799 3230 Despicotui.
828 3178 984 3232 «lldprisu.
1009 3178 1033 3218 Ge

79 3232 144 3272 leurs
162 3228 421 3273 mdriteslesdirerses
438 3230 533 3284 regions
588 3233 693 3273 molest
716 3231 772 3272 d'un
790 3232 877 3285 emploi
904 3232 951 3274 tres
979 3242 1033 3274 rare

76 3285 104 3327 de
115 3280 194 3327 l'Asie.
208 3302 217 3319 »
588 3285 672 3326 Pluute
697 3298 709 3326 a
727 3284 760 3326 dit
773 3284 926 3336 (linearium,
940 3288 982 3336 IV,
1000 3297 1031 3329 ru.

28 3374 31 3379 .
104 3336 126 3379 2.
141 3337 288 3389 Alientpene.
300 3338 358 3379 Voil·
373 3340 396 3381 la
414 3340 468 3381 nole
480 3339 492 3378 ll
505 3337 532 3380 de
588 3350 610 3379 v.
627 3338 660 3385 iti
675 3336 799 3390 «inspiceret
814 3338 905 3382 terruere.

79 3390 102 3432 la
118 3401 140 3444 p.
151 3389 198 3434 nst.
614 3391 633 3433 5.
652 3393 715 3433 Pom·
725 3402 751 3433 ee
762 3393 802 3444 qui
814 3394 849 3434 est
858 3391 886 3433 de
896 3392 1032 3438 l'iniluenee

105 3440 267 3497 8.Phrppia...
287 3441 367 3494 Lydia.
388 3446 432 3488 Les
450 3446 532 3498 quatre
587 3448 608 3487 et
627 3455 654 3486 en
676 3446 752 3488 meme
766 3449 840 3497 temps
856 3446 885 3488 de
900 3447 924 3489 la
935 3446 1034 3490 de'consi·

78 3494 230 3551 principales
240 3493 349 3540 eontrdes
360 3497 388 3541 de
399 3499 533 3542 l'Asie-Mi-
589 3495 697 3540 dluatiou
707 3498 748 3541 dos
763 3498 827 3541 Juiis
841 3497 903 3544 dans
919 3499 942 3543 le
955 3499 1034 3543 monde

78 3556 163 3593 noum.
241 3556 249 3577 ⁰
587 3552 758 3599 romaimvoir
772 3550 952 3604 page18‚n.r.
