2250 3818
248 225 305 285 11«
323 243 409 287 acrio
431 242 565 286 sucorum
587 241 617 284 m
636 242 665 283 o.
690 240 813 284 vaureu
829 248 843 278 »
967 228 1024 285 201

103 377 228 437 XXXII.
249 328 298 437 il.
325 375 425 437 Vobis
447 381 567 449 autem,
587 376 726 454 judices,
749 376 827 453 quid
857 376 919 436 hoo
944 378 1027 437 indi-

62 467 172 545 gnius,
196 470 253 525 aut
275 466 351 543 quid
370 467 480 527 minus
504 466 674 527 serendum
689 464 791 524 rideri
807 468 936 542 potest?
951 469 1027 527 Ver-

62 572 159 617 resne
182 556 316 615 babebit
337 555 426 615 domi
449 573 515 616 suae
540 555 771 616 candelabrum
794 555 884 615 lovis
907 555 1027 633 Optimi

63 644 209 719 Maximi,
228 662 244 704 e
261 644 400 723 gemmis
416 662 561 721 auroque
578 644 779 720 perlectum?
795 645 889 721 cujus
903 644 1027 723 fulgore

63 734 228 794 collucere
244 737 340 811 atque
356 732 514 794 illustrari
540 734 630 793 loris
654 732 774 809 Optimi
791 733 920 793 Maximi
946 738 1027 794 tem-

63 823 156 901 plum
173 823 355 900 oportebat,
374 823 406 882 id
423 822 508 900 apud
524 823 622 882 istum
634 822 668 880 in
679 823 750 899 ejus
765 821 853 881 modi
869 824 1026 883 conviviis

62 913 294 984 constituetur,
313 929 384 988 quae
402 911 593 972 domesticis
615 911 737 988 stupris
761 911 957 990 flagitiisque
974 914 1027 973 ssa-

62 1003 248 1079 grabuni¹i
270 1002 304 1060 in
328 1001 423 1061 istius
448 1001 575 1061 lenonis
597 1000 780 1077 turpissimi
802 1000 910 1069 domo,
929 1002 1026 1063 simul

63 1110 140 1153 cum
162 1091 279 1153 ceteris
294 1091 507 1170 chelidonis*
523 1090 728 1151 hereditariis
744 1092 956 1167 ornamentis
975 1093 1027 1153 Ca·

63 1180 169 1259 pitolii
186 1183 377 1240 ornamenta
392 1182 574 1258 ponentur‘l
589 1180 671 1251 Quid
686 1180 763 1240 huic
778 1181 860 1241 sacri
881 1200 1025 1259 unquam

63 1271 144 1343 sore,
161 1275 219 1331 aut
233 1269 310 1347 quid
325 1269 470 1347 religiosi
485 1269 584 1329 luisse
603 1270 734 1347 putatis,
751 1270 804 1347 qui
825 1288 911 1330 nunc
937 1275 1024 1332 tanto

63 1361 188 1421 scelere
205 1377 239 1419 se
256 1360 449 1420 obstrictum
466 1377 538 1420 esse
559 1376 626 1418 non
645 1359 781 1419 sentiat?
806 1360 861 1436 qui
885 1361 918 1419 in
939 1361 1026 1437 judi-

64 1450 288 1513 ciumveniat.
303 1448 359 1508 ubi
374 1466 415 1508 ne
432 1449 555 1525 precari
571 1448 703 1525 quidem
721 1450 836 1508 lovem
858 1449 1024 1526 Optimum

66 1539 251 1605 Maximum,
264 1542 360 1615 alque
370 1539 410 1598 ab
421 1555 460 1598 eo
472 1538 630 1598 auxilium
644 1543 753 1615 petere
769 1556 859 1598 more
876 1539 1024 1599 omnium

66 1628 189 1705 possit?
204 1646 221 1687 a
235 1645 299 1704 quo
313 1627 411 1686 eiiam
427 1627 471 1686 dii
483 1627 684 1688 immortales
701 1644 759 1687 sua
774 1632 924 1704 repetunt
939 1628 972 1687 in
986 1646 1024 1689 eo

68 1717 197 1793 judicio,
213 1718 299 1794 quod
323 1717 513 1776 hominibus
527 1717 566 1776 ad
584 1733 659 1776 suas
679 1734 732 1777 res
756 1717 949 1795 repetendas
977 1723 1025 1778 est

73 1809 299 1868 coustitutum‘.l
318 1807 471 1866 Miramur
488 1806 621 1866 Athenis
638 1807 824 1879 Minervam,
844 1807 911 1867 Deli
933 1809 1025 1886 lipol-

75 1895 470 1966 lineni‚lunone1nSarni,
487 1897 618 1974 Pergae³
636 1897 780 1971 Dianam,
801 1897 922 1958 multos
942 1917 1023 1976 pnr-

79 1988 156 2047 terea
169 1988 207 2047 ab
224 1987 286 2046 isto
302 1986 380 2046 deos
394 1989 461 2045 tota
476 1985 551 2044 Asia
574 1987 769 2063 Graeciaque
796 1987 944 2055 violatos,
969 1982 1023 2065 qui

83 2076 251 2153 aCapitolio
266 2093 383 2135 manus
400 2075 563 2135 abstinere
586 2093 652 2136 non
672 2077 833 2154 potuerit?
850 2077 940 2147 Quod
961 2079 1023 2155 pri-

84 2165 133 2224 ruti
155 2166 302 2227 homines
325 2165 364 2225 de
389 2165 458 2225 suis
482 2165 630 2242 pecuniis
657 2172 782 2233 ornant,
814 2168 1022 2245 ornaturique

88 2256 199 2321 suntid
219 2257 250 2316 C.
266 2257 381 2315 Verres
401 2255 440 2315 ab
456 2255 588 2331 regibus
609 2256 716 2316 ornari
737 2274 803 2315 non
822 2273 938 2333 passus
961 2262 1019 2317 est.

89 2340 124 2399 it.
137 2345 239 2423 ltaque
256 2347 318 2405 hoc
335 2346 459 2406 nefario
476 2345 597 2405 scelere
618 2351 787 2424 concepto,
805 2347 886 2405 nibil
908 2353 1022 2424 postea

92 2430 138 2491 iola
150 2435 179 2495 in
192 2435 300 2495 Sicilia
315 2452 419 2511 neque
433 2435 526 2505 sacri,
544 2452 651 2511 neque
667 2436 811 2513 religiosi
825 2436 915 2496 duxit
931 2454 1019 2507 esse:

92 2515 194 2585 itasese
211 2528 243 2585 in
259 2543 296 2586 ea
315 2525 481 2602 provincia
496 2542 553 2601 per
577 2525 776 2585 triennium'·
797 2527 909 2603 gessit,
927 2531 962 2586 ut
982 2528 1020 2587 ab

92 2603 202 2675 istonon
219 2616 326 2675 solum
342 2615 543 2688 hominibus
560 2631 674 2674 verum
695 2617 792 2676 etiam
813 2616 875 2677 diis
889 2618 1021 2676 immor-

90 2698 180 2764 talibus
197 2705 319 2766 bellum
334 2704 493 2766 indicium
508 2708 686 2782 putaretur.

118 2869 167 2926 l'ois·
191 2840 304 2943 d'obp'cts
338 2872 412 2927 d’ort
445 2879 628 2943 apportabant
652 2877 669 2928 d
697 2874 742 2929 des
769 2875 844 2930 ritles
878 2874 911 2929 de
939 2876 1021 2931 Siriio

88 2955 311 3026 nun-nrm).—
333 2955 460 3026 Segeste,
489 2953 556 3008 ville
585 2955 718 3025 antique,
739 2956 789 3026 qui
821 2960 955 3011 remonte
983 2974 1020 3012 au

87 3022 158 3103 iemps
172 3024 289 3103 d'Enee,
303 3034 453 3106 posse'dait
467 3051 525 3089 une
539 3034 702 3090 admirable
717 3042 811 3090 statue
825 3037 860 3091 de
876 3037 967 3092 Diaue
983 3053 1019 3092 en

103 3199 267 3259 [diripiturque
277 3204 417 3259 sloprnbmrt.
430 3200 513 3246 nillil·
566 3206 624 3247 loir
648 3206 672 3247 la
694 3207 747 3248 note
767 3206 780 3246 (i
804 3205 832 3250 de
852 3206 876 3248 la
896 3217 955 3268 page
968 3207 1018 3251 l50.

81 3257 213 3300 utrorut'oir
224 3260 245 3301 la
257 3256 510 3312 notessdelapapeiil.
592 3261 614 3301 3.
639 3259 725 3311 impr.
761 3259 793 3299 lio
824 3262 960 3302 sanctuarro
991 3261 1018 3303 de.

80 3303 128 3350 l'our
137 3312 155 3354 le
168 3323 222 3355 sens
232 3312 260 3354 de
270 3310 390 3365 stupidum.
400 3314 420 3354 la
436 3311 511 3354 notri
566 3313 641 3354 Dione
652 3311 664 3353 ir
680 3314 762 3365 Perua,
777 3324 806 3355 eu
821 3313 968 3367 Pamphylio.
982 3317 1018 3358 est

77 3357 123 3403 dria
134 3375 189 3420 page
201 3363 247 3408 130.
567 3366 644 3408 moins
660 3362 751 3408 cildbre
764 3377 809 3420 que
827 3366 955 3420 l'Acropole
967 3368 1018 3410 d'b-

95 3417 112 3455 d
133 3417 269 3460 rtwlnlrmr's.
290 3419 386 3461 Ciriron
415 3432 427 3459 n
455 3419 507 3471 «lupi
567 3419 648 3462 tironos
661 3423 682 3461 ol
701 3420 734 3460 les
750 3421 848 3473 temples
868 3420 1017 3474 d'Apollona

74 3469 195 3527 bjprorlniir
216 3472 301 3515 torres·
323 3472 395 3526 pini,
417 3472 508 3515 d‘arorr
566 3470 666 3514 ln'rlosel
681 3473 708 3515 do
721 3474 801 3514 Ιῐιιιιιιιι
817 3472 935 3518 risimus.

72 3518 133 3566 nrm
149 3525 176 3566 de
193 3526 214 3567 ln
227 3527 365 3568 courtisans·
380 3524 506 3572 Chelidon.
590 3527 610 3570 l.
621 3525 1024 3582 'resipuerunt'tanecel-uuirt.
