2244 3848
109 278 168 343 5111
447 296 498 337 uus
522 285 727 344 nunnuuouus

109 439 206 494 tatem
231 436 364 491 senatus
385 429 526 489 salutem
544 428 590 488 rei
610 427 747 504 publicae
768 428 842 489 vua
863 445 928 487 suar
947 443 1045 506 prepo-
1082 479 1088 489 .

107 522 220 583 suerit.
242 523 419 594 contraque
438 517 503 575 vini
530 511 786 592 gravitatemque
807 515 914 575 morbi
937 520 1045 576 conten·
1088 554 1090 561 ι

107 610 200 681 derit,
227 612 261 668 ut
291 609 323 666 in
354 611 460 666 eastra
491 606 528 663 Μ.
558 604 699 677 Antonii,
728 621 793 681 quo
824 609 955 666 senatus
985 621 1043 666 euni

106 701 250 765 miserat,
280 697 474 773 perveniret,
502 696 607 771 isque,
638 711 712 752 cum
740 692 809 770 jam
838 712 938 773 prope
961 698 1044 755 castra

105 789 259 858 venisset,
288 787 318 843 ri
357 785 461 843 morbi
494 799 683 862 oppressus,
721 783 822 841 vitam
858 785 997 844 amiserit
1021 785 1044 842 iu

107 879 248 937 riiaximo
265 875 311 934 rei
332 874 469 951 publica·
485 878 643 949 tempore,
667 873 806 949 ejusque
826 890 917 932 mors
932 889 1044 933 consen·

106 973 199 1026 lanea
215 967 285 1024 vitu
303 963 410 1030 inierit,
426 963 632 1021 sanctissimo
653 962 952 1040 honestissimeque
972 967 1042 1034 actu,
1088 990 1090 1005 =

106 1057 137 1115 in
148 1072 212 1132 qua
230 1071 315 1130 saepe
327 1070 444 1129 magno
461 1053 532 1112 usui
547 1052 741 1128 reipublicae
759 1052 827 1110 Ser.
843 1053 1009 1129 Sulpicius,
1022 1056 1044 1111 et

104 1146 261 1221 priuatim,
280 1148 311 1202 et
327 1144 359 1200 in
373 1141 628 1220 magistratibus,
651 1141 762 1212 luerit;
781 1159 858 1201 cum
873 1142 946 1201 talis
959 1142 1002 1201 vir
1015 1141 1043 1200 ob

103 1251 171 1293 rem
188 1232 353 1311 publicam
372 1233 404 1291 in
418 1232 578 1310 legatione
592 1237 731 1291 mortem
748 1232 866 1292 obierit
884 1249 890 1291 :

143 1342 191 1400 lo.
216 1340 347 1400 Senatui
368 1339 506 1418 plaeere,
531 1339 598 1400 Ser.
621 1336 766 1416 Sulpicio
788 1343 930 1400 statuam
950 1337 1043 1418 pedes-

102 1436 185 1490 trem
210 1447 332 1489 eneam
361 1428 394 1487 in
419 1429 545 1488 Rostris
568 1447 608 1488 cx
623 1429 721 1506 hujus
737 1428 880 1488 ordinis¹
903 1430 1044 1491 sententia

102 1519 211 1587 statui,
232 1521 423 1596 circumque
444 1536 515 1579 eam
534 1521 673 1579 statuam
697 1519 808 1583 looum
829 1520 1043 1596 gladiatoribus

101 1608 252 1685 ludisque
284 1609 406 1667 liberos
435 1612 649 1685 posterosque
679 1607 750 1685 ejus
784 1625 917 1686 quoquo
948 1624 1043 1670 versus

101 1697 379 1776 pedes²quinque
405 1696 536 1767 babere,
565 1696 650 1773 quod
677 1697 704 1754 is
731 1696 773 1756 ob
800 1713 870 1757 rem
897 1699 1043 1776 publicanl

100 1793 240 1846 mortem
267 1788 395 1860 obierit,
425 1804 562 1863 eamque
593 1803 723 1846 causam
755 1787 789 1845 in
811 1787 883 1848 basi
908 1788 1043 1859 inscribi,

99 1878 211 1955 utique
226 1878 255 1936 C.
275 1879 389 1951 Pansa,
407 1878 441 1935 A.
461 1877 594 1949 Hirtius,
611 1878 775 1950 consuleS,
793 1878 886 1952 alter,
909 1880 1043 1950 ambove,

98 1967 125 2024 si
142 1968 188 2025 eis
205 1967 360 2041 rideatur,
379 1967 594 2043 ‹quenstoribus
611 1967 701 2025 urbis
715 1968 725 1997 ³³
747 1966 921 2044 imperent,
938 1975 973 2027 ut
985 1983 1045 2029 earn

98 2057 201 2116 basim
218 2060 422 2133 statuamque
435 2055 614 2116 faciendam
625 2060 656 2115 et
669 2056 701 2114 in
713 2054 838 2116 Rostris
853 2057 1046 2118 statuendam

98 2146 213 2220 locent,
243 2146 417 2223 quantique
444 2145 630 2219 locaverint,
660 2150 779 2205 tantam
809 2147 984 2222 pecuniam
1006 2164 1047 2208 re·

96 2235 255 2313 demptori
269 2234 279 2267 ²
295 2236 533 2295 attribuendam
550 2234 804 2310 solvendamque
822 2241 947 2296 curent.

137 2327 281 2403 Cumque
301 2331 395 2385 antea
410 2328 540 2384 senatus
564 2325 789 2383 auctoritatem
812 2340 906 2385 suani
925 2325 1049 2386 inviro·

96 2430 168 2472 rum
179 2415 310 2473 sortium
324 2415 492 2473 funeribus
507 2415 771 2490 ornamentisque
784 2415 974 2489 ostenderit,
988 2415 1048 2493 pla·
1065 2491 1066 2495 Ἰ

95 2520 177 2576 cere,
197 2521 271 2562 euin
288 2521 384 2580 quam
402 2503 603 2579 amplissime
622 2518 775 2579 supremo
790 2520 851 2562 suo
869 2505 921 2564 die
937 2505 1047 2565 ellerri.

94 2592 144 2652 li.
163 2595 209 2667 Et,
228 2611 304 2652 cum
320 2594 385 2652 Sor.
404 2593 578 2668 Sulpicius
594 2592 629 2662 tl⁴
646 2593 691 2664 lt,
710 2594 866 2652 Lemonia
880 2593 997 2668 Rufus,
1012 2595 1049 2652 ita

93 2682 131 2742 de
154 2701 187 2742 re
211 2684 339 2759 publiea
360 2682 497 2742 meritus
519 2683 571 2754 sit,
590 2685 624 2739 nt
640 2682 678 2740 iis
695 2682 895 2742 ornamentis
910 2681 1047 2743 decorari

93 2772 218 2845 debeat,
235 2777 384 2832 senatum
408 2789 554 2843 censere,
576 2775 671 2848 atque
693 2789 709 2830 e
732 2788 765 2830 re
790 2770 922 2847 publica
944 2771 1048 2834 existi·

92 2878 180 2920 niaro
211 2862 319 2921 {ediles
346 2861 477 2921 curules
509 2859 664 2934 edictum,
690 2859 783 2939 quod
814 2860 853 2921 de
882 2862 1047 2923 funeribus

92 2950 243 3024 babeant,
267 2951 334 3010 Ser.
362 2950 507 3026 Sulpicii,
531 2949 566 3019 Q.
592 2951 638 3027 F,
662 2950 817 3008 Lemonia
841 2951 926 3025 Rull,
949 2949 1047 3012 funeri

118 3148 139 3190 1.
157 3147 259 3191 triclinis,
287 3148 341 3189 t'oir
360 3149 381 3190 lu
408 3146 457 3190 nl
476 3148 504 3189 do
520 3146 541 3189 lu
599 3156 620 3199 p.
635 3144 692 3197 108),
704 3155 764 3189 ceux
782 3144 963 3200 desqurstours
976 3159 1019 3203 «que
1030 3146 1046 3190 lo

91 3213 111 3255 p.
128 3201 173 3245 :ton
599 3202 673 3253 lirage
689 3212 719 3242 au
733 3203 781 3242 sort
796 3200 856 3253 (roir
866 3201 888 3244 la
900 3205 955 3244 noto
970 3202 980 3246 1
995 3202 1045 3245 dola

116 3255 135 3298 n,
154 3255 231 3295 luetur.
250 3268 261 3295 u
276 3257 334 3309 tlinq
351 3256 416 3309 pirula
438 3268 466 3297 on
491 3256 540 3297 toul
598 3266 618 3307 p.
633 3250 792 3307 lttJdesignail
803 3264 861 3306 pour
874 3256 968 3298 rectora
979 3259 1046 3298 ltome

90 3321 153 3353 suris,
167 3310 195 3349 dr
207 3309 310 3362 quelque¹
326 3307 376 3351 rtrld
392 3322 437 3364 quo
455 3310 499 3350 l‘on
517 3320 541 3347 so,
597 3307 627 3347 od
651 3308 680 3347 ils
696 3304 783 3349 etaient
798 3307 899 3361 charges
915 3309 943 3352 de
960 3309 1044 3352 l‘admi-

91 3365 184 3404 [mitur.
203 3377 214 3402 u
231 3363 295 3405 l'our
309 3363 329 3405 lo
339 3378 386 3414 pur,
402 3365 452 3405 mir
464 3364 486 3405 lu
497 3360 541 3405 nl
596 3362 723 3402 nistration
735 3360 762 3401 de
774 3358 902 3405 l'rrorr'run.
911 3362 1046 3406 cest-adire

88 3412 116 3455 du
133 3415 153 3457 lu
171 3415 250 3470 pets.
597 3414 638 3456 dos
652 3414 766 3456 linances.
832 3448 839 3465 Ι,

114 3468 136 3513 ³.
151 3468 300 3519 plurumum
322 3471 389 3512 tulus,
410 3472 454 3512 Les
475 3483 543 3524 qurs-
625 3466 644 3509 4.
667 3467 819 3521 ltolemprort.
834 3468 900 3512 Pour
915 3469 1044 3525 lentrepro·

84 3520 544 3587 lettreurlrulps,uutmrnrntdilapsus·
599 3533 658 3582 nom
668 3521 681 3563 1
696 3523 736 3615 «qil
761 3533 791 3565 on
807 3521 895 3578 adjuge
909 3523 932 3567 le
952 3524 1044 3571 travail,

21 3586 23 3591 ·
74 3576 350 3635 rossemannumn
374 3581 506 3625 notendo
527 3578 551 3620 lu
605 3587 699 3626 uoirp.
720 3573 836 3622 obul.
