2250 3818
246 198 272 256 ι’
290 218 304 249 «
320 213 406 257 norro
427 212 562 259 saeuum
585 214 615 256 m
635 215 662 257 c.
688 213 811 257 vaureu
827 218 841 247 u
965 196 1025 255 aot·

55 340 138 410 rum
153 348 290 420 ratione,
304 350 335 407 et
347 364 365 407 a
378 347 540 408 cotidiana
550 347 677 408 dicendi
691 345 924 407 consuetudine
938 347 1026 405 1esse

56 437 224 499 uideatur.
242 438 309 496 Hoc
328 436 413 506 dico,
429 438 513 497 hanc
532 436 637 514 ipsam
659 438 818 508 Cererem,
842 433 1027 512 antiquissi-

60 544 164 599 mam,
178 525 472 605 religiosissimam,
482 525 664 604 principem
680 526 828 586 omnium
844 541 1024 597 sacrorum,

61 634 135 695 quae
147 616 233 694 apud
249 632 363 675 omnes
374 619 486 692 gentes
502 616 715 693 nationesque
732 615 823 685 fiunt,
842 632 861 672 a
882 614 913 674 C.
928 615 1026 673 Verre

62 722 102 767 ex
115 705 186 765 suis
203 704 333 781 templis
349 721 385 764 ac
403 704 535 764 sedibus
551 721 623 765 esse
640 705 812 764 sublatam.
836 702 894 772 Qui
916 718 1026 762 acces-

62 795 154 856 sistis
187 796 346 865 Hennam,
379 793 506 854 vidistis
529 793 742 854 simulacrum
768 792 924 854 Cererise
941 809 1026 850 mar-

60 900 166 955 more,
180 887 213 943 et
227 882 261 941 iu
276 882 376 942 altero
389 883 522 960 templo,
540 883 671 942 Liberae.
700 882 781 941 Sunt
803 899 840 940 ea
858 877 1026 957 perampla

11 1034 14 1041 ,
61 978 159 1051 atque
172 972 337 1050 praeclara,
349 970 405 1030 sed
418 989 484 1031 non
499 972 542 1032 ita
555 972 696 1049 antiqua.
716 970 764 1030 Ex
776 989 838 1030 aere
850 969 911 1029 fuit
926 968 1026 1047 quod-

10 1116 26 1147 ,μ
62 1062 138 1123 dam
165 1061 296 1122 modica
316 1061 540 1138 amplitudine,
569 1079 606 1121 ao
633 1060 789 1140 singulari
812 1078 920 1137 opere,
951 1076 1025 1118 cnm

10 1172 17 1221 ε
60 1152 203 1225 lacibus,
212 1150 453 1228 perantiquum,
464 1151 611 1211 omnium
624 1150 764 1223 illorum,
774 1168 844 1228 quae
856 1153 931 1210 sunt
942 1149 976 1207 in
987 1165 1025 1208 eo

10 1236 16 1281 3*
61 1242 150 1309 lano,
173 1240 277 1301 multo
296 1239 572 1316 antiquissimum.
593 1240 627 1300 ld
648 1239 780 1300 sustulit
800 1257 836 1298 ac
860 1242 969 1298 tamen
987 1254 1026 1297 eo

64 1335 238 1401 contentus
249 1329 396 1389 nonfuit.
412 1331 481 1388 110.
496 1330 574 1389 Ante
591 1329 694 1389 aedem
710 1327 846 1399 Cereris,
866 1329 899 1386 in
915 1329 1026 1404 aperto

64 1436 100 1481 ac
112 1419 286 1498 propatulo
301 1418 385 1490 locu,
403 1419 496 1496 signa
507 1418 569 1478 duo
581 1423 667 1490 sunt,
681 1419 806 1478 Cereris
817 1434 931 1484 unum,
950 1415 1025 1475 alte-

63 1526 136 1569 rum
152 1508 373 1586 Triptolemi&
391 1508 621 1584 pulcherrima,
638 1526 674 1568 ac
690 1506 865 1585 perampla.
881 1506 937 1565 His
953 1503 1026 1581 pul-

68 1596 217 1657 chritudo
232 1597 389 1674 periculo,
407 1596 586 1673 amplitudo
605 1597 700 1656 saluti
715 1596 786 1670 fuit,
810 1595 896 1674 quod
913 1611 1026 1654 eorum

69 1685 235 1746 demolitio
250 1691 344 1764 atque
360 1687 536 1764 asportatio
549 1686 752 1764 perdifficilis
774 1686 955 1746 videbatur.
977 1684 1026 1742 ln·

72 1774 201 1836 sistebat
215 1776 249 1834 in
260 1793 360 1835 manu
373 1777 497 1836 Cereris
516 1776 628 1836 dextra
645 1775 857 1836 simulacrum
872 1775 1026 1852 'pulcher-

74 1862 146 1924 rime
159 1865 281 1925 tactum
297 1865 464 1939 Victoriana
483 1866 545 1926 hoo
567 1867 627 1926 iste
650 1883 667 1926 e
687 1865 780 1941 signo
797 1866 920 1924 Cereris
938 1863 1026 1923 avel-

76 1948 209 2026 lendum,
229 1954 528 2032 asportandumque
547 1956 681 2014 curavit.

112 2069 141 2127 L.
155 2070 215 2141 Qui
234 2071 365 2131 tandem
389 2071 483 2132 istius
503 2072 632 2131 animus
652 2076 701 2132 est
720 2072 854 2132 nuncin
877 2070 1026 2131 recorda-

10 2186 18 2193 ·
85 2152 155 2219 tione
170 2159 332 2221 scelerum
350 2177 496 2234 suorum,
514 2180 589 2222 curn
603 2180 662 2239 ego
684 2162 753 2239 ipse
772 2162 806 2222 in
826 2178 1026 2221 commemo·

87 2247 189 2310 ratione
203 2267 317 2310 eorum
333 2269 399 2310 non
418 2251 526 2312 solum
544 2252 654 2311 animo
679 2269 898 2319 commovear,
913 2268 1025 2310 verum

75 2335 165 2398 etiam
187 2355 322 2416 corpore
345 2340 615 2417 perhorrescam?
636 2341 729 2401 Venit
744 2341 831 2400 enim
851 2340 932 2399 mihi
946 2338 1024 2403 fani,

89 2418 141 2495 loci,
157 2428 324 2506 religionis
339 2428 426 2488 illius
441 2430 476 2489 in
496 2434 657 2503 mentem3
674 2434 844 2490 versantur
863 2433 934 2490 ante
950 2446 1026 2488 ocu-

88 2502 122 2573 los
137 2517 267 2577 omnia:
292 2517 362 2577 dies
383 2518 449 2590 ille,
472 2537 535 2596 quo
557 2537 632 2579 oum
660 2536 719 2596 ego
753 2522 898 2579 Hennam
918 2519 1026 2579 venis-

23 2640 36 2653 -.
88 2612 146 2673 tem,
162 2610 280 2684 praesto
298 2607 381 2665 mihi
399 2608 585 2668 sacerdotes
609 2609 732 2669 Cereris
762 2626 836 2669 cum
861 2608 973 2667 insulis
991 2624 1027 2666 ac

20 2742 23 2747 .
85 2692 239 2754 verbenis³
256 2694 397 2767 luerunt,
426 2698 546 2763 contio,
562 2700 805 2775 conventusque
829 2697 961 2770 civium,
994 2697 1026 2754 in

85 2792 132 2857 quo
150 2800 207 2862 ego
232 2802 308 2845 cum
335 2785 495 2862 loquerer,
522 2787 664 2863 gemitus
679 2788 759 2846 tanti
784 2787 942 2863 fletusque
969 2785 1026 2844 lie-

80 2858 151 2939 hant
168 2877 203 2932 ut
213 2873 446 2934 acerbissimus
463 2878 530 2935 tota
540 2876 619 2935 urhe
637 2876 745 2936 luctus
765 2875 884 2935 versari
902 2874 1026 2934 videre-

79 2956 129 3019 tur.
141 2961 208 3021 lll.
232 2964 303 3022 Non
320 2963 366 3023 illi
383 2965 594 3024 decumarum
615 2964 761 3042 imperia,
782 2982 847 3024 non
865 2965 1025 3024 honorum

75 3042 273 3128 direptiones,
301 3070 367 3113 non
400 3053 510 3130 iniqua
530 3054 662 3131 judicia,
689 3073 755 3115 non
783 3052 1027 3131 importunissi-

73 3150 134 3199 mas
144 3140 240 3200 istius
250 3140 490 3214 libidines,n0n
500 3142 578 3217 vim,
588 3161 655 3203 non
663 3143 889 3215 contumeliae,
905 3143 1026 3220 quibus

92 3328 111 3371 l.
126 3325 300 3371 consuetudine.
319 3327 418 3371 Cicc'ron
436 3326 515 3383 repete
570 3329 640 3373 siset
663 3331 789 3373 inventeur
813 3327 842 3373 do
865 3329 887 3371 la
912 3330 1023 3374 charrue.

66 3376 516 3426 lamdmeexcuseaucommeucement
570 3382 713 3437 Triptolemo
734 3385 821 3426 estun
840 3383 882 3426 des
895 3383 966 3426 heros
979 3385 1020 3438 qni

65 3432 93 3477 du
104 3434 150 3477 Pan
160 3433 249 3477 Archia
258 3433 292 3485 (n.
305 3437 336 3488 3).
570 3436 704 3489 frurtpartie
715 3435 746 3478 du
759 3435 851 3491 cortigo
863 3437 890 3479 de
902 3433 991 3480 Giris.

87 3494 111 3533 ἰ.
127 3486 367 3543 semicanaliculi
378 3490 413 3531 roi
424 3488 515 3533 d'Eleu·
596 3489 619 3534 3.
636 3490 718 3547 Infulis
739 3491 900 3536 {taunucum
917 3491 1044 3535 deluimu-¹

871 3587 912 3639 ll.
