2250 3818
344 224 380 269 nn
402 230 417 260 «
440 223 497 267 eno
518 223 594 267 cnon
616 223 740 267 unmnm
766 232 779 260 »
982 206 1040 264 att

74 377 127 432 tas
139 376 197 432 aut
213 373 302 430 metu
317 369 456 439 relictas,
474 371 528 426 aut
545 386 563 426 a
576 366 783 444 pradonibus
799 368 909 443 captas
924 365 1042 426 nrbes¹

78 478 155 522 esse
172 476 350 520 sociorum.

119 623 164 676 En
179 620 277 675 meme
289 623 385 690 temps
401 634 458 689 que
474 635 522 673 ces
534 621 634 672 vertus
657 617 815 671 militnires
837 618 976 672 attestees
994 636 1047 690 par

87 719 131 759 un
155 700 293 774 glorieux
320 698 416 770 passe,
440 699 567 770 Pompee
590 696 714 768 posstde
739 697 890 768 beaucoup
919 697 1047 754 d'autres

82 783 212 841 mirites
232 781 282 851 qui
307 779 335 834 le
359 779 516 851 designent
538 782 621 833 entre
646 781 734 833 tous:
762 777 780 830 it
811 794 828 831 a
855 778 884 832 la
908 780 1046 834 modera-

85 863 161 928 tion,
189 860 380 925 l'honnetete,
406 858 590 921 l'humonite,
619 856 745 929 quatite‘s
768 858 818 930 qui
834 858 898 913 font
911 860 1006 914 aimei·
1020 861 1048 915 le

86 943 264 1015 iainqueur,
280 940 439 1008 l'autorite,
452 939 502 1011 qni
513 943 558 993 est
573 939 596 992 si
610 939 775 994 necessaire
791 957 828 995 au
844 943 1050 1011 representant

86 1024 123 1081 de
139 1023 171 1077 la
187 1020 373 1095 Republique
389 1019 523 1075 romaine
540 1019 646 1091 aupres
662 1019 714 1074 des
727 1019 787 1074 rois
806 1023 835 1074 et
857 1020 910 1075 des
925 1021 1050 1092 peuples

86 1109 254 1177 ttrangers.
270 1101 365 1168 Entin,
382 1100 403 1154 il
414 1117 432 1155 a
443 1099 508 1172 joui
521 1098 640 1170 jusqu't
653 1100 785 1171 present,
802 1101 876 1155 dans
892 1106 989 1156 tontes
1005 1119 1050 1156 ses
1105 1133 1107 1137 ·

86 1184 282 1255 entreprises,
300 1182 369 1237 d'un
384 1180 521 1235 bonheur
535 1179 744 1249 remarquahle
756 1180 781 1234 2.
864 1230 867 1235 .

329 1428 378 1483 Le
397 1425 565 1482 honneur
583 1426 628 1481 de
647 1423 812 1494 Pompeia.

132 1608 211 1668 xvl.
240 1608 290 1664 47.
318 1604 493 1682 Reliquum
521 1609 571 1664 est
582 1606 604 1679 ²³,
631 1609 668 1664 ut
694 1605 732 1665 de
764 1606 928 1680 felicitato,
958 1626 1055 1684 qnam

91 1699 249 1777 prestare
263 1693 302 1754 de
319 1711 353 1753 se
369 1694 440 1770 ipso
456 1710 552 1752 nemo
569 1697 686 1770 potest,
708 1695 899 1756 meminisse
916 1701 947 1756 ct
968 1715 1058 1757 com-

93 1801 280 1849 memorare
307 1783 346 1843 de
374 1784 474 1843 altero
504 1799 694 1861 possumus
725 1784 810 1844 sicut
845 1804 974 1863 coquum
1010 1791 1059 1846 cst

94 1875 251 1935 homines
269 1871 307 1932 de
324 1875 483 1951 potestate
497 1870 644 1945 deorum,
662 1871 774 1932 timide
785 1874 796 1907 a
809 1879 838 1934 et
855 1893 959 1952 pauca
976 1876 1059 1936 dica-

95 1982 182 2025 mus.
220 1964 285 2040 Ego
313 1960 401 2021 cnim
430 1959 478 2020 sic
502 1960 664 2032 existimo,
697 1962 833 2023 Maximo
846 1961 868 2036 ⁵,
898 1967 1056 2042 Marcello,

94 2053 254 2131 Scipioni,
269 2051 379 2124 Mario,
397 2054 428 2110 et
442 2050 559 2110 ceteris
572 2051 698 2126 magnis
715 2051 977 2128 imperatoribus,
994 2073 1059 2113 non

94 2145 205 2205 sotum
222 2146 354 2220 propter
368 2140 533 2205 virtutem,
552 2138 720 2199 sedetiam
737 2146 867 2217 propter
882 2143 1056 2216 fortunam,

96 2233 219 2311 saepius
240 2230 377 2307 imperia
401 2228 551 2288 mandata
570 2233 667 2305 atquc
690 2231 851 2289 exercitus
877 2248 948 2290 esse
972 2251 1060 2291 com—

97 2324 234 2383 missos.
252 2320 324 2379 Fuit
339 2319 427 2378 enim
441 2317 585 2396 profecto
601 2318 798 2394 quibusdam
819 2321 958 2380 sunnnis
981 2323 1059 2381 viris

100 2411 251 2493 quaedam
272 2409 311 2469 nd
336 2408 585 2485 amplitudinem
604 2411 635 2466 et
661 2406 701 2466 ad
718 2409 867 2485 gloriam,
892 2412 984 2471 etad
1008 2429 1060 2472 res

100 2518 236 2585 magnas
251 2501 334 2559 bene
348 2496 505 2582 gerendas
519 2496 674 2556 divinitus
690 2497 841 2575 adjuncta
859 2500 998 2562 fortuna.
1017 2504 1060 2561 De

102 2590 202 2669 hujus
233 2593 341 2650 autem
366 2587 510 2646 hominis
535 2585 699 2661 felicitate,
724 2588 763 2647 de
790 2607 853 2666 quo
882 2608 968 2651 nnnc
997 2593 1062 2669 agi-

106 2696 195 2748 mus,
231 2679 291 2738 hac
323 2681 394 2736 utar
428 2675 651 2735 moderatione
688 2675 833 2753 dicendi,
869 2696 933 2738 non
965 2686 1000 2739 ut
1030 2682 1064 2739 in

58 2787 62 2841 ᾗ
109 2768 194 2829 iltius
216 2770 373 2845 potestate
398 2764 563 2824 fortunam
591 2764 732 2840 positam
760 2783 832 2826 esse
862 2769 980 2834 dicam,
1009 2770 1066 2829 sed

58 2860 63 2929 ξ
110 2862 144 2917 ut
156 2856 319 2937 praeterita
332 2853 534 2926 meminisse,
545 2854 671 2929 reliqua
687 2870 816 2931 sperare
832 2856 1012 2932 videamur,
1025 2876 1066 2919 ne

58 3010 67 3063 Γ
139 3020 155 3060 t.
167 3020 253 3071 sapum
263 3017 333 3057 urbe-7.
346 3014 559 3069 Plutarquerjltmt-
613 3015 669 3056 vinc
685 3026 726 3057 sm·
741 3015 761 3057 te
775 3016 859 3057 montel
880 3016 937 3060 (tout
956 3030 986 3060 on
1002 3021 1067 3062 extil-

114 3074 156 3122 μὰ,
183 3071 251 3124 xxiv)
276 3070 310 3112 dit
335 3079 381 3124 que
407 3070 443 3111 tes
469 3069 559 3122 pirates
616 3068 685 3110 terait
701 3069 722 3109 ta
737 3065 836 3110 te'licitt.

117 3127 205 3169 aretem
219 3121 276 3180 pitia
291 3124 346 3178 plus
361 3122 389 3165 de
403 3125 439 3164 too
449 3121 529 3164 vities.
642 3121 661 3161 5.
679 3121 788 3161 alarimo.
806 3126 831 3171 Q.
845 3123 934 3166 Fabius
948 3127 1069 3168 Maximus

139 3180 157 3219 a.
173 3181 229 3222 t'oir
248 3178 271 3220 la
292 3179 346 3220 note
360 3180 373 3216 3
391 3176 419 3219 de
435 3175 459 3217 ta
473 3187 495 3229 p.
511 3176 558 3215 ati.
615 3176 751 3221 Cunctator.
767 3174 789 3217 lo
805 3177 940 3231 rainqucur
955 3179 1071 3221 d'tlanm-

140 3236 157 3273 3.
173 3232 286 3287 Reliquum
304 3235 345 3271 «aar.
363 3230 421 3272 C'est
440 3231 463 3271 la
483 3229 560 3271 meme
616 3228 673 3271 nal:
696 3229 727 3268 M.
751 3229 862 3271 Claudius
883 3232 1020 3283 Marcellus,
1049 3236 1069 3277 lc

120 3286 237 3329 transition
253 3296 299 3339 que
309 3284 387 3325 licetur
404 3288 452 3323 ot...
468 3290 501 3335 (x,
512 3284 557 3323 zm.
615 3278 764 3334 rmiqmimnt
776 3282 803 3324 dc
817 3285 946 3336 Syracuse:
959 3289 1064 3341 Scipion,

142 3342 159 3381 t.
177 3339 269 3381 Timtite.
288 3339 385 3381 Comme
409 3338 430 3380 te
452 3337 561 3379 honneur
616 3335 638 3377 le
651 3335 801 3377 destructeur
816 3336 844 3378 de
860 3339 976 3394 Caiatiagc
996 3344 1018 3383 et
1037 3342 1065 3385 dc

121 3393 176 3437 uem
186 3393 229 3437 dee
243 3392 324 3443 dicun,
339 3392 356 3435 il
371 3392 423 3434 taut
437 3401 467 3434 en
481 3389 561 3444 parler
618 3390 756 3437 Numance;
775 3390 876 3439 Marius,
893 3392 914 3435 le
934 3395 1069 3450 rainonem·

122 3446 268 3502 srectaptua
279 3445 369 3501 grando
384 3445 485 3495 reserva,
500 3443 561 3485 dans
616 3442 645 3485 de
662 3443 788 3497 augurina,
807 3443 848 3487 cles
864 3445 973 3490 cinnum
992 3456 1013 3494 et
1030 3449 1071 3493 «tos

124 3497 239 3545 lucratnte
253 3499 359 3543 d'attirer
375 3499 399 3541 ta
411 3498 514 3554 jalousie
527 3497 560 3538 di-
617 3497 730 3540 'tentans
