2250 3818
60 280 78 320 r.
96 279 251 322 Auruncu
266 280 377 322 oun'no
394 279 559 323 rrnurrren
576 278 693 321 uersus
718 286 731 313 υ
760 262 827 321 ..tell

74 413 173 472 Italico
199 413 371 485 tinitirnuS,
387 418 542 490 proterea
570 412 700 471 nullum
724 411 828 471 nomi-

61 503 152 561 avius
169 507 276 562 auteur
289 503 462 562 turnulturn
479 519 563 575 esse,
579 520 677 578 quarn
692 501 827 576 bellurn,

60 593 110 669 egi
130 596 244 669 potest,
268 591 352 668 quod
375 591 459 651 bello
481 590 685 651 vacationes¹
707 590 827 665 valent,

60 699 108 740 ‚on
122 682 240 741 valent..
256 682 302 741 lta
322 683 367 756 fit,
383 698 479 758 quern
494 682 533 740 ad
549 681 685 740 modurn
700 681 776 755 dixi,
794 685 830 741 ut

60 789 84 830 re
102 771 245 831 tumultu
260 772 375 849 possit,
390 771 551 831 turnultus
567 771 637 829 sine
659 770 744 831 bello
756 788 829 854 esse

60 865 80 919 t.
99 865 125 921 t.
146 862 286 936 Etenim,
305 879 379 921 curn
406 862 489 921 inter
513 860 636 920 bellurn
666 864 697 920 et
717 877 830 938 paceni

59 951 114 1010 ihil
131 953 183 1024 sil,
199 968 334 1011 necesse
349 955 408 1024 est,
426 951 660 1021 tumultunnsi
675 950 750 1009 belli
764 967 831 1009 non

60 1059 136 1100 esse.
151 1041 219 1113 Quo
246 1041 323 1118 quid
347 1041 519 1100 absurdius
548 1040 622 1112 dici,
638 1045 693 1099 eut
720 1040 831 1099 existi-

60 1133 97 1190 t?
113 1132 172 1190 Sed
190 1131 288 1190 nimis
310 1131 412 1190 multe
434 1131 470 1189 de
492 1130 608 1197 verbo:
627 1147 695 1189 rem
719 1128 829 1206 potius

66 1224 172 1298 patres
192 1221 380 1299 conscripti,
400 1237 498 1297 quom
521 1220 654 1296 quidem
677 1220 829 1296 intellego
892 1236 901 1249 ·

69 1310 232 1370 interdurn
245 1311 441 1370 deteriorem
457 1309 574 1369 solere.

60 1445 132 1486 mus
147 1427 209 1487 hoc
225 1427 347 1486 bellurn
363 1426 477 1486 videri.
489 1425 592 1497 Quam
609 1426 706 1501 igitur
721 1424 832 1485 inuni-

60 1516 164 1576 ›loniis
186 1518 225 1576 ad
248 1515 504 1577 excludendurn²
525 1514 701 1574 Antonium
723 1518 832 1574 aucto·

60 1624 148 1679 mus,
170 1624 279 1683 quern,
307 1611 342 1665 ut
369 1605 489 1664 milites
506 1606 582 1664 fiant
607 1605 676 1664 sine
699 1604 741 1679 vi,
760 1604 831 1663 sine

63 1697 149 1771 udio,
170 1698 345 1770 voluntate,
364 1712 474 1772 quarn,
491 1699 526 1753 ut
541 1694 696 1772 pecunias
713 1693 831 1753 iurem

60 1786 290 1862 polliceantur?
304 1786 335 1845 Si
350 1785 439 1845 enirn
455 1784 530 1843 belli
548 1801 669 1843 nomen
683 1783 827 1857 tolletur,

60 1893 128 1934 rum
154 1876 261 1935 studia
288 1876 464 1946 tollentur3
496 1891 677 1934 consensus
714 1871 827 1951 populi

62 1966 94 2024 ui
119 1967 187 2042 Janr
216 1964 382 2025 descendit
400 1965 433 2022 in
448 1980 581 2024 causam
598 1965 617 2037 l,
633 1965 660 2023 si
685 1981 745 2024 nos
762 1963 827 2024 len·

60 2074 74 2130 l,
91 2055 275 2115 debilitetur
289 2072 423 2114 necesse
436 2059 493 2114 ost.
508 2056 536 2112 ὅ.
551 2053 612 2113 Sed
626 2055 704 2131 quid
717 2052 831 2132 plura?

77 2149 280 2221 oppugnatur
306 2162 312 2203 :
341 2161 407 2203 non
437 2147 486 2203 est
521 2142 672 2202 bellurn?
698 2143 829 2210 Mutina,

60 2239 120 2294 ¹tus
144 2239 174 2294 et
204 2235 307 2306 lirina,
326 2233 492 2293 <obsidetur
513 2250 520 2292 ι
540 2249 580 2290 ne
608 2232 670 2291 hoc
697 2231 830 2308 quidem

59 2325 89 2382 t‘?
109 2324 210 2383 ltellia
231 2327 373 2384 vastetur
399 2341 406 2383 ι
431 2341 501 2400 queo
531 2339 592 2399 pax
620 2324 727 2399 potest
757 2337 830 2381 esse

60 2414 108 2472 ud
134 2431 210 2473 vero
240 2414 312 2490 quis
336 2416 441 2490 potest
466 2411 589 2471 bellurn
619 2428 691 2470 esse
723 2411 832 2471 dicere

60 2503 146 2575 iloni,
179 2503 394 2562 fortissimum
430 2502 548 2574 uirum,
577 2519 652 2561 curn
691 2500 835 2561 exercitu

77 2592 134 2662 Qui
159 2610 233 2651 curn
257 2596 343 2652 essct
370 2593 518 2651 inlirnrus
542 2609 580 2651 ox
600 2593 687 2667 gravi
709 2590 833 2651 diulur-

60 2683 123 2754 llic,
139 2682 261 2741 nullom
283 2683 344 2741 sibi
361 2682 485 2759 putavit
501 2681 744 2741 excusationem
761 2696 834 2739 esse

60 2790 129 2831 curn
150 2771 189 2830 ad
211 2773 257 2831 roi
282 2773 417 2849 publiceo
441 2770 629 2848 pru-sidium
652 2774 833 2830 vocaretur.

63 2941 331 2983 uidrrcosdoluruulle
411 2940 431 2982 ⁹2.
460 2939 637 2981 lia-elmlrudnm.
663 2940 696 2980 Gi.
725 2939 837 2993 Philipp,

67 2994 110 3034 llll.
127 2995 251 3035 Tito-liro.
264 2996 329 3042 l'lll,
387 2995 440 3034 l'll.
456 3005 507 3035 vni.
530 2992 571 3036 25:
586 2993 708 3033 tri-orem
729 2992 809 3033 Gallie*
823 3006 837 3034 u

60 3060 113 3095 loru,
135 3050 283 3101 oxoirrpliorls
303 3048 330 3090 do
385 3060 430 3099 qun
441 3060 467 3087 cr
477 3047 544 3086 aerisue
556 3051 577 3088 ct
585 3046 717 3098 repudiatus
728 3050 768 3087 rel.

60 3101 102 3142 liro
129 3101 254 3143 necorddcs
283 3113 329 3143 nux
412 3099 431 3142 3.
444 3099 459 3139 ,l
473 3101 527 3142 ullu.
554 3100 736 3154 L'arncndoqui
754 3100 837 3155 trappe

60 3155 137 3195 nituit
151 3154 171 3195 lo
186 3156 285 3195 nornine·
297 3152 330 3195 rd-
385 3165 444 3196 cour
457 3154 496 3207 qui
512 3165 541 3195 no
555 3152 683 3196 s'onroleut
693 3164 736 3207 pus
747 3152 774 3195 de
785 3154 838 3196 leur

60 3220 72 3247 o
88 3219 232 3261 rurnpngucs
248 3212 329 3250 claun
385 3207 448 3261 plcin
462 3203 509 3263 grd.

70 3262 196 3302 lorll'lions.
220 3263 256 3303 (lt.
279 3263 330 3301 l'lri-
411 3262 430 3301 d.
454 3259 572 3299 lupoldi(
594 3260 614 3299 iu
640 3273 729 3299 curruum
758 3260 838 3303 Prend

60 3314 65 3355 l
81 3329 85 3353 ς
101 3314 328 3357 'l'umultum‹terro-ni,
386 3315 445 3367 parti
461 3313 520 3354 dnus
534 3313 555 3355 ln
572 3313 684 3355 ‹rorrsedn
694 3313 774 3356 sonat.
787 3314 837 3355 Md-

65 3381 74 3407 r
99 3369 118 3409 ln
146 3373 200 3410 noto
229 3369 284 3410 tillo
308 3371 328 3410 ln
387 3363 836 3420 lnplrorclirdodclnlenguonrililuiro:

60 3422 87 3463 ri.
114 3435 169 3473 rapo
202 3423 259 3462 cartul
281 3423 330 3461 ilico
385 3433 413 3462 on
435 3420 536 3462 descend
559 3420 599 3462 des
615 3420 839 3463 lrauteursorlonn

60 3480 111 3515 rum
136 3476 220 3515 lmlwrr'.
232 3477 329 3515 pillulis·
393 3476 433 3516 nis
446 3474 548 3527 position
564 3484 623 3527 pour
642 3475 772 3518 cornuallie
796 3486 839 3517 sur

395 3540 406 3569 r
417 3528 503 3581 rlunnp
518 3527 548 3571 dc
558 3527 670 3571 lintuille.
