2244 3848
84 222 138 278 utu
187 236 241 279 ons
262 234 404 279 urscouus
425 232 623 279 consummes
645 232 708 276 uox
731 233 932 285 rnnrrrruuns

79 372 136 431 tui
150 389 235 430 nune
252 376 382 431 senatus
394 376 564 449 est'quenr
579 369 683 430 secuti
697 370 837 429 sumns‘.>
847 370 899 430 ubi
914 369 1014 447 equites

80 459 217 520 Rornani
234 463 240 493 ¹
258 460 317 520 iili.
337 460 394 523 iili,
414 484 428 513 υ
446 459 560 537 inquit,
577 483 591 511 «
608 458 677 517 tui‘?
692 458 748 517 ubi
773 459 881 518 studia
901 458 1014 518 muniti·

79 550 228 627 piorum?
258 550 310 609 ubi
341 550 438 609 ltaiirr
469 549 587 608 voees?
616 547 671 606 uhi
701 548 843 626 denique
882 554 933 607 tua
965 547 1014 609 illa.
1058 568 1062 627 ς

80 638 118 695 u.
134 636 227 699 Tulli.
246 656 316 713 quir
332 638 483 714 plurimis
500 637 560 695 fuit
579 636 710 703 arixiiio,
728 654 792 696 vox
815 642 908 714 atque
931 635 1017 695 defeu-
1060 650 1062 655 ·

79 725 149 783 sio?
166 726 284 786 Mihine
301 745 338 785 ra
354 727 426 787 soli.
443 726 497 804 qui
514 742 572 802 pro
590 728 621 783 te
643 725 761 784 totiens
783 726 878 784 morti
904 743 951 784 me
973 723 1017 783 ob·

79 814 149 879 tuti,
166 815 247 873 nihil
265 820 371 892 potest
386 815 559 892 opitulari?
575 842 588 867 »

121 922 237 981 XXXV.
261 925 311 981 us.
341 925 404 982 Neo
428 940 504 982 roro
532 922 610 988 haeo,
636 922 778 998 judiees,
799 927 834 982 ut
862 940 919 1000 ego
938 937 1016 981 nune.

80 1012 171 1080 ilem,
204 1011 259 1072 sed
285 1013 346 1071 hoc
374 1013 490 1072 eodem
516 1011 661 1088 loquitur
685 1012 786 1077 vultu.
819 1030 882 1089 quo
911 1011 1016 1071 videtis.
1059 1024 1062 1075 ε

80 1103 178 1177 Negat
193 1102 279 1160 onim
294 1118 339 1164 se,
357 1108 452 1177 negat
467 1102 601 1178 ingratis
617 1101 742 1161 civibus
760 1100 877 1161 secisse
899 1119 965 1178 quen
987 1102 1019 1158 ie·
1060 1124 1062 1159 ς

79 1190 168 1251 uerit.
197 1190 320 1249 timidis
345 1196 374 1250 et
399 1192 508 1250 omnia
530 1191 870 1267 circumspicientibus
899 1187 1020 1268 pericula
1060 1190 1062 1243 i

79 1296 144 1339 non
165 1284 271 1356 negat.
300 1280 430 1339 Plebem
456 1284 488 1339 et
513 1279 656 1338 infimam
678 1278 932 1345 multitudinem,
954 1295 1019 1355 quir,
1059 1294 1062 1313 ³

81 1369 113 1426 P.
132 1367 240 1427 Clodio
253 1367 344 1431 duce.
364 1368 501 1428 fortunis
519 1368 633 1428 vestris
650 1369 853 1432 imminebat.
874 1386 953 1445 eam,
972 1382 1021 1444 quo

81 1457 179 1516 tutior
216 1461 302 1517 esset
333 1463 440 1516 restra
469 1458 544 1521 vita.
570 1474 603 1517 se
638 1456 757 1517 fecisse
793 1460 1021 1523 commemorat,
1059 1458 1062 1529 ξ

80 1551 194 1605 utnon
212 1547 309 1606 modo
331 1547 446 1606 virtute
471 1547 624 1617 sseoteret,
649 1546 707 1605 sed
729 1546 827 1606 etiam
849 1547 950 1607 trihus
969 1545 1023 1606 suis
1059 1550 1062 1557 '

80 1635 305 1713 pan·imoniis··‘
328 1636 488 1705 deliniret,
517 1652 577 1696 nee
602 1636 704 1707 timet,
731 1654 783 1701 ne,
810 1653 886 1696 eum
914 1637 1022 1713 plebem

81 1725 269 1784 muneribus
283 1725 426 1801 placarit,
440 1741 497 1783 vos
511 1742 576 1783 non
590 1724 772 1783 conciliarit
788 1725 913 1785 meritis
928 1725 1020 1785 inren

81 1814 243 1889 publicum
253 1814 485 1890 singularibus
500 1813 635 1873 Senatus
647 1830 723 1889 erga
736 1830 770 1873 se
784 1814 1020 1874 benevolentiam

81 1902 280 1980 temporibus
306 1903 357 1962 his
385 1903 465 1980 ipsis
484 1920 569 1979 stepo
586 1919 657 1962 esse
673 1907 891 1979 perspectam,
919 1908 1022 1964 vestras

81 2009 155 2050 uero
177 1996 207 2050 et
233 1997 415 2051 vestrorum
440 1992 590 2051 ordinum
616 1992 860 2052 occursationes
875 1990 896 2064 ³,
923 1990 1021 2053 studia.

81 2098 259 2141 sermones,
281 2099 520 2158 quemeumque
541 2097 673 2140 cursum
697 2081 828 2140 fortuna
851 2081 981 2145 dederit,
999 2095 1023 2138 se
1043 2118 1046 2133 ,

81 2179 190 2221 secum
213 2162 393 2220 obinturum
412 2180 483 2221 esse
500 2161 588 2220 dicit.
616 2164 667 2220 96.
691 2161 838 2221 Meminit
863 2163 963 2222 etiem
978 2157 1024 2222 siti

81 2267 193 2310 rocem
211 2248 390 2327 prnroonisi
409 2251 506 2310 modo
523 2250 677 2319 defuisse,
695 2267 794 2326 quam
808 2251 943 2312 minime
959 2248 1025 2311 desi·

81 2339 208 2399 derorit,
238 2340 345 2416 populi
373 2358 449 2399 vero
480 2340 605 2399 cunetis
627 2339 801 2415 suffragiis
829 2340 915 2417 quod
940 2356 1025 2400 unum

82 2429 229 2505 cupierit.
250 2447 282 2488 so
300 2430 467 2488 consulem
488 2429 698 2488 declaratum.
721 2430 812 2488 Nune
838 2430 985 2508 denique.
1006 2426 1024 2487 si

82 2518 148 2577 lure
165 2535 254 2576 arma
270 2524 382 2577 eontra
398 2535 432 2578 se
449 2518 514 2577 sint
528 2516 647 2590 futuro,
674 2517 735 2577 sibi
760 2517 916 2579 facinoris
939 2517 1025 2596 suspi-

110 2663 126 2702 Ι,
144 2658 235 2711 liquitur
275 2660 377 2700 lumnmi.
411 2660 441 2702 Lo
470 2659 531 2712 porti
588 2658 694 2707 modius,
714 2661 737 2702 et
750 2658 802 2702 cela
819 2659 880 2702 dans
896 2658 1024 2705 torreretur

81 2712 281 2767 equestruuuquol
294 2712 533 2765 (licitumunmutient
587 2714 647 2766 porti
661 2713 689 2755 de
700 2713 784 2754 l'ordru
802 2716 852 2755 tout
867 2717 942 2758 entier
954 2710 1025 2768 nuqutl

82 2779 123 2819 pur
134 2781 159 2808 sn
173 2769 298 2810 imissunoo
308 2768 384 2819 irritet
393 2778 435 2818 nm·
447 2766 532 2807 sundri·
588 2766 604 2806 il
626 2765 680 2808 s'ost
699 2764 801 2809 sarr-uit.
817 2766 917 2810 Cirriron
932 2771 993 2812 aruit
1003 2766 1024 2805 dd

82 2826 214 2864 uouenteni.
227 2844 252 2850 —
260 2820 341 2860 Studio.
357 2821 529 2871 urrmicipimumr.
587 2819 714 2872 planterio
725 2832 767 2860 ‹rre
778 2820 855 2860 alieno
864 2821 971 2867 Miloni-s,
982 2820 1025 2861 i'oit'

82 2876 112 2916 Le
122 2874 170 2917 zelo
181 2876 221 2918 des
232 2874 366 2925 municipes
377 2877 397 2915 et
408 2874 436 2915 de
448 2873 531 2915 l'iurlie
589 2884 646 2926 page
661 2872 695 2915 63.

80 2928 169 2971 entiere
178 2930 217 2982 qui
232 2939 242 2967 u
255 2932 354 2969 soutenu
369 2927 402 2969 ios
413 2926 492 2968 otior-ts
504 2926 531 2968 do
614 2927 633 2969 3.
647 2927 816 2968 (iccrrrrotionou
830 2932 948 2983 (occurro).
967 2929 1025 2971 lien·

80 2982 154 3022 Milon
171 2994 230 3034 pour
253 2981 345 3022 obtenu·
370 2981 389 3023 io
411 2979 531 3032 ranneldo
588 2979 1024 3034 pressemeutquiacruoilleuncundi-

80 3035 186 3077 tlicerou.
587 3034 626 3075 dut
635 3033 740 3086 pendunt
757 3033 779 3074 iu
792 3035 889 3087 periodo
904 3034 1024 3080 electorulu.

106 3088 125 3130 2.
147 3089 223 3127 'lt-ium
247 3090 293 3128 ,oris
318 3087 467 3139 patrimoniis.
486 3087 530 3128 Les
614 3087 632 3129 lt.
654 3087 729 3128 i'orrm
747 3092 869 3138 murronis:
894 3091 968 3133 Milon
984 3089 1025 3143 1¹8¹st

81 3144 138 3183 trois
155 3143 264 3186 fortunus
276 3143 304 3184 de
316 3152 357 3183 sun
372 3140 426 3193 piro
443 3142 532 3192 Pupius
589 3152 614 3182 so
638 3139 750 3194 rugurdur
766 3152 859 3188 comme
884 3144 1026 3186 mmaierneut

82 3196 175 3243 Celsus,
204 3196 232 3239 de
256 3208 298 3237 ¹nm
322 3194 376 3248 nire
402 3193 492 3247 uilolnit'
511 3196 534 3234 et
588 3194 669 3235 eluan
686 3195 837 3238 oonsulattil
855 3210 885 3241 ne
901 3199 1025 3240 luiamnu·

82 3251 285 3295 nieulrnuternol,
309 3250 331 3289 C.
348 3248 530 3295 A1111i11s‚desu
589 3247 634 3300 quo
649 3258 694 3301 que
719 3247 789 3305 d'dtre
809 3249 931 3302 prorlurnd
956 3262 995 3304 par
1010 3247 1026 3288 lu

83 3306 169 3346 semme
181 3305 271 3346 Fausta
281 3314 311 3344 ou
320 3302 348 3344 de
360 3313 384 3342 sa
397 3300 532 3354 mirequ'ii
588 3302 643 3342 roix
654 3302 686 3343 du
701 3300 794 3344 hornut.
807 3315 832 3346 eo
846 3307 888 3359 uui
906 3306 944 3347 n'n
962 3315 990 3358 pu
1002 3302 1026 3354 ja·

82 3354 234 3410 ndepensdes
246 3368 274 3400 en
294 3356 413 3408 largessos
431 3365 490 3408 pour
509 3365 533 3395 se
588 3355 649 3395 mais
664 3355 731 3396 avoir
746 3354 806 3406 lieu,
819 3369 923 3413 uosque
941 3359 974 3402 les
990 3358 1027 3397 vu·-

81 3410 195 3453 concum-
217 3409 344 3459 (deliniret,
357 3408 476 3460 placarit),
492 3418 533 3460 pm·
589 3406 668 3450 tenues
694 3406 722 3449 de
747 3408 844 3453 Clodius
864 3415 907 3456 ont
933 3411 1026 3465 toujours

82 3475 120 3505 ses
129 3474 188 3551 jeus
198 3463 227 3505 de
239 3462 384 3516 glodiateurs
396 3461 533 3521 (insumitur
588 3459 700 3514 empeche
720 3459 838 3506 l'e'leotion
856 3465 885 3508 de
900 3466 987 3509 donner
1002 3469 1026 3504 uu

82 3515 243 3567 ‚qtmiutormt
262 3515 283 3555 ta
304 3514 371 3566 plebe
395 3513 498 3556 derouue
520 3526 532 3554 u
588 3513 698 3556 resultet.
