2250 3818
382 187 416 229 nn
440 196 453 223 «
472 186 527 229 ena
549 184 695 230 crunnus
712 194 726 219 υ
977 173 1001 229 (Ζ

60 326 236 389 ,Cluentius
258 323 380 378 Ciceron
405 322 466 378 s'en
489 337 636 393 occupera
657 319 716 374 tres
741 320 938 391 rapidement.
960 323 981 377 ll
1006 342 1013 378 s

60 412 220 475 contente,
236 421 273 459 en
289 404 368 470 effet,
388 402 527 458 d'etablir
543 418 579 457 en
597 400 743 472 quelques
756 406 833 455 mols
854 419 912 472 que
929 403 1018 459 Cluen

57 482 128 565 {tius
153 486 265 542 n'avait
285 501 383 540 aucun
405 483 493 538 mctil
513 483 548 538 de
573 498 604 537 se
635 481 746 536 defaire
774 481 991 552 d'Oppianicus.
1015 486 1023 539 l

58 574 195 655 yrouve,
211 583 251 622 au
270 564 427 630 contraire,
447 581 501 634 par
520 579 578 618 une
602 560 833 616 demonstration
851 563 1023 620 irrel'utable

50 641 126 730 {ciue
152 647 252 705 Sassia
275 646 354 701 avait
378 661 418 699 nn
446 644 553 699 double
580 642 689 697 intcret
715 641 730 695 d
760 641 834 696 faire
862 643 1034 714 disparaltre

50 728 256 801 l'0ppianicus
271 731 301 781 et
318 725 423 780 alaine
441 739 629 797 soupconner
639 722 792 778 Cluentius
803 721 914 777 d'aroir
926 727 1036 780 attente

50 808 140 867 *tta
155 809 202 863 vie
217 807 254 863 de
273 812 319 862 cet
336 807 465 861 homme.
491 805 567 859 C'est
588 804 615 858 le
640 802 767 872 complet
788 802 884 856 fornu'·
905 822 958 874 par
977 823 1036 861 nne

62 882 152 947 hidre
171 889 334 944 denaturee
353 890 455 941 contre
479 902 532 940 son
551 900 657 955 propre
680 883 726 937 fils
749 900 805 954 quc
822 884 945 939 l’avocat
969 903 985 941 a
1009 886 1036 941 le

50 943 174 1026 isderoir
202 969 238 1024 de
265 967 373 1023 rendre
396 965 562 1020 manifeste.
592 965 629 1019 La
653 979 764 1034 preuve
790 965 842 1019 des
867 965 974 1021 crimes
1000 966 1036 1022 de

50 1034 51 1052 ¹
67 1046 169 1109 Sassia
185 1053 231 1104 est
245 1047 274 1102 la
288 1046 443 1101 meilleure
455 1045 652 1117 justification
667 1043 703 1099 de
719 1045 881 1100 Cluentius.
901 1045 1036 1103 L'achar-

74 1135 197 1184 nement
220 1128 310 1198 impie
327 1128 363 1182 de
379 1131 454 1182 cette
471 1126 580 1181 lemme
597 1130 700 1180 contre
722 1142 775 1180 son
797 1127 843 1179 fils
860 1133 903 1182 est
922 1144 962 1182 un
985 1129 1038 1183 lait

74 1208 109 1263 de
124 1209 272 1264 notorie'te
293 1207 446 1279 puhlique.
468 1207 490 1262 ll
510 1207 678 1278 appartient
695 1222 752 1260 anx
765 1207 853 1277 juges
868 1207 1037 1263 d'arraclrer

75 1290 116 1343 tin
138 1290 243 1345 acisuse
271 1289 343 1344 dont
365 1287 548 1343 l'innocence
571 1292 616 1341 est
637 1286 810 1341 dc'montree
834 1304 890 1341 nux
916 1289 1035 1343 suaeuis

75 1366 161 1425 d'nne
183 1369 307 1442 magere.
330 1368 406 1424 C'est
425 1385 457 1424 ce
477 1384 533 1438 que
559 1368 681 1421 Ciceron
707 1366 877 1421 demandent
895 1374 924 1422 et
939 1369 1036 1424 devait

78 1446 189 1504 obtenir
214 1449 255 1505 du
277 1448 405 1504 tribunal
432 1447 506 1503 dans
531 1463 590 1503 une
615 1448 791 1501 Ps'nonnsnn
813 1448 898 1502 amne
925 1465 1035 1519 innun-

83 1529 324 1601 txnldontvoici
340 1529 432 1584 latin.
515 1600 518 1607 Ι

331 1753 400 1811 Fin
419 1755 464 1811 de
483 1753 523 1811 la
541 1749 774 1823 pe'roralson.

52 1820 75 1969 ‘r‘

129 1939 216 2003 lel.
234 1944 325 2015 Quod
346 1944 371 2003 si
392 1961 454 2020 qua
471 1942 641 2003 calamitas
664 1943 751 2003 hunc
771 1944 803 2003 in
823 1944 886 2003 lice
903 1945 1028 2021 ‚indicio

102 2024 226 2097 attinent
249 2033 467 2105 innocentem,
490 2049 531 2091 ne
555 2032 615 2092 iste
637 2033 748 2107 miser,
768 2033 907 2109 judiceS,
932 2035 972 2105 si,
1000 2033 1031 2092 id

103 2119 167 2189 qued
185 2122 312 2181 difficile
335 2122 421 2182 lactu
442 2125 501 2193 est,
526 2122 559 2180 in
585 2121 649 2181 vita
674 2123 865 2194 remanebit,
891 2140 976 2199 saepe
1003 2127 1034 2182 et

80 2258 86 2273 ,
104 2207 215 2277 multum
231 2217 394 2288 queretur,
412 2211 653 2288 deprehensum
675 2228 748 2271 esse
766 2211 847 2270 illud
868 2212 1032 2287 quandam

84 2286 321 2361 =lahriciannm¹
340 2318 514 2361 venenum.
533 2300 668 2371 Quodsi
687 2306 757 2360 tum
772 2301 948 2362 indicatum
968 2320 1034 2363 non

105 2391 175 2459 esset
191 2408 253 2450 non
268 2391 344 2450 hnic
360 2389 663 2450 aerumnosissim0²
679 2408 841 2451 venenum
858 2391 938 2451 illud
953 2392 1034 2452 tuis-

105 2475 147 2540 Μ,
163 2480 213 2538 sed
240 2480 420 2539 multorum
445 2477 721 2538 medicamentum
748 2498 933 2541 maerorum.
955 2484 1032 2541 Pos-

106 2556 181 2625 lreno
195 2569 291 2628 etiam
312 2568 460 2628 fortassis
482 2572 584 2627 mater
606 2569 778 2645 exsequias
798 2569 884 2628 illins
908 2570 1032 2630 funeris

106 2656 255 2728 lltsecuta,
279 2664 420 2717 martem
444 2674 479 2717 se
502 2657 560 2716 lilii
581 2658 692 2734 lugere
716 2658 913 2718 simulasset.
941 2661 1032 2718 Nunc

111 2748 156 2798 'tra
175 2748 247 2822 quid
275 2748 335 2807 crit
359 2746 552 2823 protectum,
577 2746 641 2805 nisi
668 2751 703 2805 nt
726 2747 824 2824 hujus
850 2765 888 2808 cx
916 2749 1032 2808 mediis

117 2833 189 2893 tortis
204 2836 404 2896 insidiisvita
415 2837 453 2896 ad
471 2836 594 2895 luctum
606 2841 807 2910 conservata,
821 2855 909 2897 mors
927 2837 1033 2914 sepul·

123 2927 241 2997 epatris
257 2926 382 3002 privata
397 2943 467 2985 esse
483 2925 650 2983 videatur?
667 2927 736 2983 ς202.
755 2926 837 2985 Satis
855 2926 911 2985 diu
925 2926 985 2985 snit
999 2926 1032 2985 in

129 3004 226 3078 iseriis,
239 3014 385 3092 jucliccs3
404 3015 482 3074 satis
497 3014 618 3073 multos
635 3032 738 3073 annos
754 3032 794 3075 en
810 3015 931 3074 invidia
947 3016 1033 3075 lahe-

136 3097 452 3164 lineamentalem
469 3104 611 3180 iniquus,
632 3109 746 3180 prater
764 3111 941 3179 parentent,
960 3106 1032 3179 luit,

144 3205 174 3248 us
183 3210 244 3252 non
257 3195 402 3254 animuin
414 3194 483 3269 jam
496 3193 661 3270 expletum
673 3209 745 3251 csse
757 3200 922 3270 putemus.
936 3197 997 3254 l'os
1010 3196 1032 3266 ³,

150 3347 196 3391 l'nir
209 3351 230 3394 la
242 3353 359 3396 nutelide
375 3353 395 3395 la
410 3364 431 3407 [ι.
445 3352 494 3395 266.
582 3353 629 3392 lent
652 3351 686 3392 tes
709 3350 813 3395 sutilius:
836 3365 978 3402 arumnosas,
1001 3366 1032 3396 uu

158 3402 345 3448 Emuumsiarium.
361 3406 473 3447 ilirinnnu
489 3404 526 3447 ‹tt›-
582 3405 676 3446 lumunc
700 3405 787 3456 cluuiani
817 3419 851 3449 nu·
873 3408 893 3449 le
915 3408 1034 3451 niallicur.

164 3456 256 3501 ‹t'anord
271 3460 295 3502 la
308 3461 398 3516 charge
414 3471 459 3515 quc
475 3471 526 3512 por·
607 3458 626 3500 3.
642 3457 728 3501 instit.
738 3458 804 3501 l'rnl
820 3461 1051 3509 ilrnicmnuuutul.

879 3559 916 3610 lt
