2250 3818
125 234 184 293 uiti
495 250 547 294 ms
571 248 718 295 vunnrnns

120 392 239 447 nostran
256 387 411 447 civitatis!
428 404 446 444 o
462 385 515 447 lex
533 386 656 459 Porcia,
674 385 830 464 legesque
848 386 1065 465 Sempronian

117 476 289 553 ograviter
304 474 496 541 desiderata,
519 480 549 535 et
569 472 745 552 aliquando
767 474 897 536 reddita
920 476 1007 555 plebi
1025 476 1067 535 ito

117 582 220 625 manae
269 565 442 624 tribunicia
481 565 641 642 potestasi
677 563 816 624 huccine
853 565 986 625 taudem
1016 565 1066 624 hae

118 654 227 714 omnin
243 654 439 719 reciderunt,
458 657 494 712 ut
509 651 590 713 civis
607 654 773 713 Romanus
789 653 823 713 in
839 654 1007 731 provincia
1025 670 1066 731 no

117 744 185 820 puli
199 744 349 813 Romani,
366 744 398 803 in
412 743 532 821 oppido
548 744 791 811 foederatorum,
804 743 845 802 ab
859 761 911 815 eo,
924 744 981 822 qui
990 744 1064 804 bene·

115 834 187 892 tieio
201 834 313 912 popuii
330 832 604 899 Romanitasees
626 836 657 892 et
679 849 810 892 secures
839 833 987 899 haberet,
1004 832 1063 893 deti-

115 928 208 999 gatns
235 923 268 982 in
293 924 364 982 soro
390 923 489 1001 virgis
515 922 713 982 caederetur?
739 920 843 993 Qntdt
872 940 951 982 eum
978 923 1061 1002 ignes.

115 1012 329 1089 ardentesque
359 1011 520 1078 laminae²,
545 1011 709 1088 ceterique
741 1009 906 1070 eruciatus
933 1010 1063 1070 admove·

116 1101 240 1166 bantur,
254 1101 281 1159 si
297 1104 327 1160 te
343 1100 429 1160 illius
441 1100 556 1160 acerba
567 1099 752 1176 imploratio
765 1101 797 1158 et
808 1116 872 1158 vox
882 1097 1061 1159 miserabilis

114 1206 179 1248 non
204 1189 380 1267 inhibebat,
406 1206 446 1248 ne
468 1188 588 1248 civium
606 1187 738 1264 quidem
759 1187 995 1257 Romanorum,
1016 1184 1059 1263 qui

113 1282 182 1338 tum
197 1279 340 1350 aderant,
359 1279 435 1338 fletu
451 1283 482 1337 et
497 1277 621 1357 gemitu
643 1277 788 1336 maximo
803 1274 1060 1338 commovebant

112 1367 148 1426 ln
164 1385 294 1428 erucem
309 1372 344 1427 tn
360 1384 454 1445 agere
471 1383 569 1426 ausus
582 1382 615 1425 es
627 1382 838 1442 qrremquam,
855 1366 912 1443 qui
926 1382 962 1426 se
972 1366 1058 1426 civem

112 1457 295 1516 Romanum
312 1473 384 1516 esse
400 1455 541 1515 diceret?
557 1455 651 1514 Nolui
665 1459 731 1514 tam
746 1454 963 1515 vehementer
981 1466 1058 1531 agere

109 1546 172 1607 hoe
184 1548 290 1623 prima
305 1547 443 1613 actione,
458 1544 603 1621 judices;
626 1542 728 1604 notui.
756 1543 892 1604 Vidistis
917 1545 1013 1614 enim,
1030 1546 1059 1601 ut

109 1637 208 1696 animi
223 1635 442 1696 multitudinis
457 1636 492 1693 in
507 1635 607 1694 istum
623 1633 745 1706 dolore,
763 1636 796 1693 et
819 1632 910 1702 odio,
931 1636 964 1694 et
981 1648 1056 1693 rom-

105 1726 214 1785 mnnis
243 1726 378 1803 periculi
404 1729 504 1795 metu,
532 1724 785 1783 concitarentur.
812 1723 921 1783 Statui
942 1726 1055 1803 egomet

106 1815 187 1874 mihi
214 1820 284 1876 tum
307 1814 442 1874 modum
465 1813 603 1874 orationi
630 1830 723 1884 meze,
750 1815 782 1872 et
809 1813 844 1872 G.
873 1810 1052 1873 Numitorio.

107 1906 206 1980 equiti
223 1907 380 1975 Romano,
400 1905 504 1982 primo
528 1902 665 1974 homini,
687 1901 762 1960 testi
781 1919 869 1969 meo,
888 1907 921 1963 et
934 1901 982 1963 Μ’,
995 1902 1052 1961 Gia-

106 1994 253 2055 hrionem
264 1997 284 2059 ³,
302 1996 333 2055 id
349 1995 434 2071 (rirod
450 1992 694 2070 sapientissime
715 1991 801 2059 feeit,
820 1992 929 2052 tacere
944 1993 1049 2053 tetam

106 2090 242 2152 sumni
261 2089 404 2161 repente,
431 2082 604 2142 consitium
626 2081 659 2140 in
679 2080 787 2140 medio
806 2082 997 2143 testimonio
1013 2078 1047 2139 di

103 2174 256 2234 mitteret.
276 2174 400 2233 Etenim
418 2173 598 2235 verebatur.
621 2187 662 2229 ne
678 2169 819 2249 populus
838 2166 1045 2231 Romanurn

103 2260 166 2320 isto
193 2281 246 2322 eae
271 2280 381 2338 pinnas
405 2263 434 2320 vi
460 2261 618 2338 repetisse
640 2258 815 2327 videretur,
836 2277 919 2336 (mas
943 2258 1043 2319 veritat

100 2358 239 2411 essetne
254 2353 313 2410 iste
328 2353 452 2429 legibus
466 2369 503 2410 ae
515 2354 622 2409 rostro
633 2348 757 2424 judicio
769 2366 836 2408 non
850 2353 941 2409 esset
951 2360 1041 2427 perat·

100 2440 237 2501 lntnrnS.

138 2542 206 2598 tta.
224 2542 325 2605 Nune,
344 2539 498 2617 <litaniam
515 2538 583 2613 jam
598 2536 802 2613 exploratum
822 2542 871 2598 est
896 2536 1035 2599 omnibu.

97 2648 160 2706 qno
176 2630 247 2689 loo.»
264 2647 360 2689 eausa
377 2632 432 2687 tna
450 2629 502 2693 sit,
518 2632 550 2687 ot
565 2626 644 2704 qnid
662 2625 701 2685 de
723 2629 754 2684 te
775 2626 924 2687 futurum
943 2627 991 2687 ait.
1003 2620 1035 2681 sit

94 2723 200 2779 tecum
213 2737 317 2797 agam.
334 2719 469 2778 Gavium
486 2718 597 2776 istum.
612 2733 710 2794 quem
725 2717 934 2794 repentinum
946 2726 1033 2793 specu·

91 2809 225 2868 latorem
237 2809 337 2868 inisse
349 2808 442 2872 dieis,
457 2807 640 2869 ostendam.
655 2806 689 2863 in
699 2803 877 2866 lautumias
889 2798 1032 2885 Syracusis
1063 2854 1066 2859 .

90 2916 107 2957 a
129 2903 158 2957 te
184 2915 255 2957 <isse
281 2898 476 2974 conjectum.
501 2913 608 2971 neque
626 2895 656 2954 id
673 2894 782 2954 solum
797 2912 836 2955 ox
850 2894 982 2957 litteris‘
998 2904 1032 2949 ot

87 2988 216 3047 tendam
232 2988 522 3065 Syracusanorum.
546 3002 586 3043 ne
611 2984 718 3060 possis
744 2982 867 3047 dicere.
892 3002 954 3043 me.
975 2976 1029 3059 quit

117 3166 137 3207 i.
156 3165 260 3205 Porcio...
276 3163 479 3219 a'nnmronir.1m-·
495 3162 540 3203 lois
621 3162 644 3202 ι).
670 3160 773 3204 Lourina‘.
795 3162 839 3203 Les
864 3161 941 3205 ramos
961 3160 987 3201 dr
1003 3152 1027 3195 sti

88 3218 129 3259 nos
155 3220 246 3260 triburis
266 3220 292 3260 1³.
314 3219 412 3261 Porcius
432 3217 500 3259 Larte
518 3218 540 3257 ut
595 3225 668 3269 rouge
678 3218 699 3256 et
711 3216 744 3256 ns
755 3217 836 3257 autres
847 3216 996 3257 instrument*
1008 3204 1027 3245 it

88 3270 113 3314 C.
128 3274 282 3325 senmrnnina·
293 3274 425 3315 Gracchus.
439 3270 505 3323 (t'nir
517 3269 538 3310 ln
597 3271 696 3309 tortnre.

89 3325 164 3368 nutet}
182 3326 542 3379 ‹nlanaentttnrr‘ratocnurs
622 3323 644 3363 3.
674 3320 706 3362 Μ’
735 3320 886 3367 thhriormnr.
909 3320 1025 3383 impetiit!
1070 3366 1074 3371 Ι

88 3377 116 3419 dn
140 3379 160 3421 ta
173 3379 250 3432 pune.
276 3380 310 3423 lea
332 3382 433 3422 trinum.
461 3378 519 3419 «ion
591 3367 1025 3429 M'utanrio.prenitentdutnnuml·

88 3432 151 3484 fui-1121
169 3436 230 3475 avait
245 3431 321 3477 reduit
336 3434 371 3476 ies
385 3433 496 3486 pouvnire
506 3441 536 3473 en
622 3431 640 3471 i.
652 3428 755 3470 Litteris.
778 3430 825 3473 Les
844 3430 957 3485 regimen
975 3430 994 3471 et
1008 3420 1024 3463 lt

85 3482 114 3525 751.
133 3488 243 3533 urimur
256 3487 326 3530 deire,
338 3486 466 3541 reintegrare
476 3484 535 3525 dan.-
593 3482 651 3525 livre
663 3482 757 3525 d‘erttru
775 3484 843 3523 rufin
863 3484 964 3525 cur-ruri<
975 3480 998 3523 rie
1009 3474 1026 3517 ΙΙ

74 3544 127 3580 tou:
139 3540 447 3597 tanrenmnapmpomnen
464 3537 535 3583 enit.
593 3547 676 3589 ermon
686 3536 715 3578 de
730 3536 860 3591 Syracuse.
