2250 3818
76 237 132 292 tint
442 252 494 294 nus
515 250 664 294 incursus

78 386 258 445 ruauil'estis
280 387 311 444 in
334 387 464 462 llagitiis
488 386 659 457 tenebitur,
677 384 760 445 alios
783 386 897 445 eadem
921 385 1019 445 iecisse

76 474 170 535 dicet,
205 474 252 532 illi
276 476 426 551 exempla
450 493 516 535 non
537 475 684 546 deerunt,
710 475 756 533 rei
780 474 922 551 publicas
949 473 1021 534 salus

75 564 187 623 deerit.
211 564 238 622 si
264 565 489 640 improborum
510 564 665 640 exemplis
687 564 828 640 improbi
848 564 970 640 judicio
994 580 1021 623 ac

76 653 219 729 periculo
241 654 474 712 liberabuntur.
494 655 563 713 ⁶208.
589 654 719 712 Placent
744 653 841 712 vobis
868 653 1024 712 hominum

79 759 198 813 rueres,
217 742 320 820 placet
337 743 377 800 itu
392 743 457 818 geri
479 743 687 817 magistratus
704 746 740 801 ut
754 746 927 817 geruntur.
938 742 1026 820 placet

78 833 186 891 socios
201 833 248 892 sic
262 834 402 903 tractari,
425 833 512 911 quod
528 838 627 893 restat
638 835 659 904 ¹,
677 835 713 893 ut
732 849 789 910 per
809 833 881 893 hoec
896 837 1029 910 tempora

78 925 230 982 tractatos
257 922 397 982 ridetis?
417 924 480 982 Cur
494 923 564 983 haec
584 940 602 983 a
622 940 674 983 nte
695 939 794 999 opera
816 920 1028 982 consumitur?

79 1010 156 1087 quid
173 1012 314 1071 sedetis?
331 1029 387 1071 cur
402 1030 467 1071 non
484 1013 517 1071 in
532 1012 641 1072 media
653 1011 800 1071 oratione
816 1029 892 1071 mea
907 1028 1028 1071 consur-

77 1101 152 1179 gitis
170 1105 264 1177 atque
283 1101 472 1161 disceditis?
486 1102 590 1163 Vultis
607 1106 714 1161 autem
731 1101 872 1160 istorum
892 1100 1029 1161 audacias

78 1206 114 1247 ac
130 1189 280 1248 libidines
302 1190 410 1268 aliqua
433 1195 576 1268 exparte
595 1191 764 1251 resecare?
782 1190 931 1249 Desinite
949 1189 1030 1249 dubi-

78 1283 155 1341 terc.
173 1284 283 1338 utrum
302 1280 484 1353 sitatibus
504 1285 634 1358 prepter
654 1280 776 1339 multos
793 1279 964 1356 improbos
983 1278 1028 1338 uni

77 1386 226 1445 parcere,
251 1386 291 1428 an
312 1370 409 1429 unius
431 1371 570 1448 improbi
589 1369 751 1448 supplicio
775 1368 959 1428 multorum
979 1368 1030 1427 im·
1061 1386 1064 1391 ·

77 1457 270 1535 probitatem
287 1475 446 1518 coercere.

128 1687 152 1723 n.
175 1702 206 1709 -
223 1694 235 1717 «
254 1688 379 1724 territus
400 1688 427 1724 rs·
448 1687 471 1725 e.
494 1688 603 1724 urrann
622 1688 751 1726 secunus
770 1689 851 1727 nisan
870 1688 993 1734 obsutus

322 1768 366 1812 uui
388 1768 559 1805 issenuurun
578 1767 612 1805 na
632 1768 719 1805 smnus
737 1752 748 1787 ²
765 1774 778 1801 n

116 1930 152 1982 la
171 1928 335 1998 quatridme
355 1931 482 1991 terciae,
495 1928 532 1983 eir
547 1929 568 1982 il
581 1934 625 1983 est
640 1929 777 1998 question
794 1930 847 1984 des
863 1934 1032 2001 statuesque
1059 1924 1069 1971 -¹

80 2009 183 2062 l'erres
199 2026 215 2062 a
231 2008 327 2062 volees
343 2026 379 2062 eu
396 2008 494 2078 sicile,
511 2013 554 2063 est
569 2008 770 2064 evidemment
785 2009 822 2064 de
840 2016 908 2065 tous
924 2010 966 2066 les
978 2010 1031 2064 dis·
1067 2012 1069 2045 ῑ

81 2106 167 2143 cours
181 2089 216 2142 de
234 2089 262 2142 lu
276 2089 403 2142 seconde
421 2090 519 2143 action
531 2089 606 2143 celui
627 2087 665 2142 oti
683 2090 806 2144 Ciceron
823 2089 895 2145 s'est
907 2092 935 2146 le
946 2091 1032 2145 moins
1067 2148 1069 2153 ,

80 2170 246 2240 preoccupe'
268 2168 303 2222 de
328 2169 442 2223 donner
466 2169 494 2224 la
520 2171 614 2224 l'orme
637 2171 765 2224 orotoire
787 2169 805 2225 d
827 2187 868 2226 un
891 2170 1032 2244 pampblct

79 2251 134 2304 fait
147 2266 222 2320 pour
236 2249 264 2303 lu
281 2250 405 2305 lecture.
424 2251 451 2304 Si
467 2269 499 2305 cc
517 2252 649 2305 discours
665 2254 716 2305 eut
728 2251 774 2305 ete
787 2251 965 2308 re'ellement
975 2268 1031 2324 pro·

79 2330 323 2396 tronce‚t]it·e'1·on
340 2331 380 2384 lui
397 2330 494 2384 airrait
512 2331 638 2385 attribue
656 2348 714 2385 une
732 2331 802 2386 bien
823 2333 960 2389 moindre
982 2333 1030 2386 im·

79 2418 218 2481 pertense
236 2415 264 2464 et
280 2411 330 2464 des
346 2412 606 2481 ‹leveloppcments
622 2412 776 2482 beaucoup
792 2412 859 2482 plus
874 2414 1028 2469 restreints.

81 2494 132 2545 les
148 2491 208 2544 tols
224 2491 259 2544 de
277 2497 387 2545 statues
403 2509 439 2546 ue
453 2493 593 2545 mdritent
608 2509 659 2561 pus
675 2493 763 2562 qu'on
787 2510 805 2562 y
819 2495 924 2549 insiste
939 2496 1029 2550 autaut

80 2589 136 2642 quc
153 2572 195 2625 lcs
209 2573 315 2626 crimes
331 2572 455 2626 commis
472 2573 545 2627 dans
560 2572 714 2627 l'exercice
731 2573 782 2627 des
795 2573 944 2630 fonctions
953 2572 1028 2645 judi-

80 2654 197 2720 ciaircs,
210 2671 266 2722 quc
280 2653 323 2707 les
338 2654 561 2707 inalt'ersations
573 2654 723 2723 opereesd
737 2670 846 2725 propos
858 2655 899 2711 du
909 2656 966 2725 ble'.‚
981 2670 1026 2725 quc

80 2734 108 2787 lu
124 2734 237 2787 liicbctd
252 2752 286 2787 en
303 2734 366 2789 luce
381 2736 416 2789 de
430 2735 580 2802 l'crmemi,
598 2751 654 2803 que
670 2734 712 2789 les
729 2737 909 2793 assassinats
922 2737 983 2809 plus
996 2750 1026 2789 ou

80 2814 177 2868 moins
194 2814 296 2883 lignus
308 2816 358 2868 des
375 2815 510 2869 sicilicus
527 2821 556 2868 ct
571 2815 622 2869 des
640 2816 774 2886 ritoyens
789 2817 934 2873 romains.
952 2813 1026 2870 ll'ail-

81 2895 171 2953 lcurs,
188 2896 228 2948 les
239 2896 326 2966 ¹iuges
341 2897 401 2949 etle
413 2895 581 2966 public‚qui
598 2896 737 2951 laisuieut
749 2897 918 2968 profession
929 2900 962 2954 de
976 2894 1028 2951 mc'·

81 2975 177 3045 prisci·
194 2977 259 3030 l'urt
273 2993 340 3045 proc
352 2993 407 3045 que
425 2977 569 3046 quelques
585 2977 707 3032 curieux
725 2979 927 3048 appreciuient
942 2984 968 3033 et
981 2975 1031 3031 ad-

83 3056 220 3109 mirnieut
243 3057 315 3109 dous
338 3056 403 3109 leur
417 3057 598 3126 particulier.
620 3058 787 3113 n'auraient
808 3076 849 3129 pu
874 3064 1037 3131 supporter.

82 3137 230 3206 pruuoucii
251 3153 286 3189 eu
301 3136 409 3207 public,
427 3153 459 3191 ce
476 3136 543 3203 long
564 3138 697 3192 discours
717 3138 755 3192 od
776 3138 796 3192 il
812 3140 888 3195 u'est
904 3137 1035 3210 question

83 3233 138 3284 que
154 3216 188 3268 dc
205 3217 350 3272 tableuux,
363 3217 397 3271 dc
407 3223 527 3283 statues,
537 3218 662 3289 d'objcts
672 3218 756 3277 d'art.
765 3218 802 3273 oti
814 3220 835 3274 il
846 3220 895 3291 n'y
906 3237 923 3274 a
933 3214 1040 3274 riendt‘

113 3371 129 3407 l.
145 3370 205 3415 (birni
228 3374 306 3408 restat.
322 3371 446 3411 't'otuuure
463 3370 534 3422 poeti-
589 3366 1041 3425 iliscoursdunsl'iidilieuclassiquctlff'

83 3433 129 3473 qut·
147 3434 213 3461 esser.
237 3433 307 3463 ratu:
329 3424 391 3476 quiid
414 3426 485 3465 restat
511 3426 533 3465 iu
591 3423 911 3469 )[.]ιι1ι».α1)ιιηιιικ.Μ.
930 3424 1043 3481 t'iccutttflr

84 3478 214 3526 posterum,
232 3494 239 3507 ιι
255 3474 386 3517 :teser-inens
591 3479 663 3517 mittin
677 3478 697 3517 in
720 3479 807 3520 l'rrreru
821 3478 941 3531 desuper.
960 3478 1042 3519 Part!-

110 3530 127 3567 ι).
150 3529 204 3569 l'oir
222 3530 244 3570 lc
268 3532 328 3572 texte
346 3532 447 3584 couplet
466 3531 494 3572 dc
509 3542 535 3573 cc
591 3532 710 3583 (intutior).
