2250 3818
263 231 289 292 ι’
306 256 320 284 «
338 249 423 292 ucrro
443 232 579 293 securim
601 248 631 291 m
653 248 679 290 c.
704 248 826 291 vunnuu
844 255 858 283 l
981 231 1039 288 185

77 390 265 450 extremum
282 384 401 443 scribat
414 383 559 443 Metellus
578 384 631 442 :ln
642 401 792 450 nnnrouun
807 400 907 442 'reuss
923 399 1039 443 rnurns

77 491 293 558 vucrrenunus
310 491 462 535 reosesxr.
480 475 516 533 ln
530 473 695 551 reliquum
707 478 837 550 tempus
855 473 899 532 ait
914 491 948 532 se
967 490 1041 532 rec-

77 564 236 642 tigalihus
256 563 473 641 prospexisse.
496 564 566 622 Non
593 562 749 622 scriberet
773 579 807 622 se
829 562 1040 639 vectigalibus

77 653 302 732 prospexisse,
330 652 392 711 nisi
408 652 470 713 hoc
495 652 592 712 vellet
611 652 793 724 ostendere,
822 656 851 711 to
873 652 1041 729 vectigalia

77 741 274 821 perdidisse.
296 742 378 813 Quid
398 741 486 802 enim
509 747 587 817 erat,
612 742 698 818 quod
725 741 937 818 vectigalibus
966 759 1041 819 pro-

78 829 377 909 spiceretMelellus
390 831 423 889 in
434 831 593 901 decumis,
606 831 681 892 etin
693 835 761 891 tota
774 848 807 890 re
817 830 1039 904 frumcntario,

78 922 107 982 si
124 921 187 980 iste
201 937 268 980 non
284 919 453 997 vectigalia
465 920 578 998 populi
594 921 732 981 Romani
748 924 874 997 quaestu
891 937 950 979 suo
971 938 1041 997 per-

79 1009 255 1072 vertisset?
288 1010 391 1086 Atque
429 1011 498 1087 ipse
538 1010 697 1085 Metellus,
734 1011 789 1088 qui
828 1009 1041 1086 vectigalibus

79 1099 254 1179 prospicit,
272 1099 328 1176 qui
344 1099 487 1176 reliquos
503 1103 647 1160 aratores
658 1099 793 1176 colligit,
807 1099 884 1176 quid
897 1100 1041 1177 assequi-

82 1195 150 1265 tur,
167 1187 232 1247 nisi
243 1187 317 1259 hoc,
330 1192 365 1248 ut
378 1192 479 1260 arent,
495 1189 522 1247 si
536 1189 591 1265 qui
602 1194 749 1265 possunt,
768 1189 886 1266 quihus
900 1192 1042 1247 aratrum

83 1278 205 1339 saltem
230 1276 360 1355 aliquod
387 1277 536 1337 satellcs¹
563 1277 658 1337 istius
687 1279 848 1355 Apronius
879 1278 1041 1355 reliquum

82 1367 174 1443 fecit,
195 1366 252 1444 qui
273 1369 384 1426 tamen
405 1367 439 1425 in
460 1367 545 1446 egris
575 1384 631 1444 spe
658 1373 754 1444 atque
785 1367 1043 1444 exspectatione²

84 1456 205 1517 lletelli
222 1456 472 1516 remanserunt?
494 1456 601 1527 Quid?
623 1457 721 1516 ceteri
742 1456 853 1527 Siculi,
871 1456 972 1532 quid?
988 1455 1043 1515 ille

80 1545 248 1606 maximus
265 1562 424 1605 numerus
438 1549 614 1615 aratorum,
634 1546 689 1622 qui
707 1564 773 1604 non
791 1544 889 1604 modo
905 1562 944 1604 ex
957 1544 1043 1622 agris

82 1634 179 1712 eJecti
195 1637 281 1706 sunt,
300 1634 471 1694 sedetiam
497 1652 536 1694 ex
551 1634 736 1694 civilatibus
751 1635 832 1700 suis,
850 1652 888 1694 ex
914 1635 1044 1711 provin-

81 1727 143 1797 cia,
160 1723 301 1801 denique
322 1724 416 1783 bonis
434 1723 640 1802 fortunisque
664 1725 816 1784 omnihus
833 1726 952 1801 ereptis
968 1741 1041 1800 pro-

83 1814 248 1892 fugerunt,
276 1831 340 1890 qua
360 1814 483 1873 ratione
500 1814 522 1873 ii
542 1815 780 1874 revocabuntur
794 1815 808 1873 ‘l
822 1814 906 1885 Quot
930 1817 1044 1891 preto-

83 1901 180 1963 rum⁸
197 1903 382 1962 innocentia
396 1896 617 1980 sapientiaque
638 1921 721 1981 opus
738 1909 797 1974 est,
813 1903 917 1962 utilia
937 1907 1043 1963 arato-

84 2012 158 2053 rum
183 1992 360 2053 multitndo
381 1992 554 2069 aliquando
581 1993 614 2052 in
639 1993 708 2052 suis
737 1992 823 2069 agris
852 2010 887 2052 ac
913 1992 1044 2052 sedibus

85 2082 290 2144 collocetur?

125 2199 202 2260 LVI.
226 2198 295 2256 129.
321 2198 376 2268 Ac,
399 2215 438 2257 ne
469 2198 634 2258 miremini
656 2202 777 2258 tantam
801 2197 1044 2257 multitudinem

38 2342 40 2347 .
87 2287 281 2366 profugisse,
295 2291 448 2363 quantam
466 2304 504 2346 ex
516 2286 631 2348 litteris
644 2288 800 2366 puhlicis*
816 2291 1044 2364 aratorumque

38 2432 40 2439 .
66 2376 345 2455 ¹professionibus
374 2377 584 2453 cognovistis,
610 2378 724 2437 scitote
745 2381 866 2438 tantam
888 2377 1049 2437 acerbitas

38 2492 43 2526 ι
89 2470 152 2526 lem
167 2465 273 2537 istius,
290 2468 417 2524 tantum
434 2467 541 2526 scelus
558 2468 750 2527 moratores
768 2468 870 2527 fuisse
897 2466 1045 2547 (incredi-

38 2548 54 2665 ἱ
92 2554 150 2616 bile
163 2558 221 2627 est,
238 2554 326 2614 dictu
339 2553 468 2630 judices
488 2573 494 2614 :
520 2556 578 2616 sed
599 2556 777 2630 ellectum,
805 2562 836 2618 et
851 2561 918 2618 tote
938 2557 1046 2618 Sicilie

92 2642 333 2722 pervulgatum),
350 2647 387 2703 ut
401 2643 552 2705 homines
569 2650 701 2723 propter
717 2647 851 2723 injurias
867 2647 1045 2706 licentiam-

96 2747 150 2807 que
176 2734 433 2794 decumanorum
465 2740 605 2795 mortem
634 2737 695 2796 sihi
725 2737 787 2814 ipsi
815 2737 1044 2796 consciverinl.

96 2819 521 2900 CenturipinumlDioclem,
539 2825 708 2886 hominem
729 2826 924 2904 locupletem
939 2827 961 2901 ⁶,
975 2842 1045 2885 sus-

120 2982 252 3043 l3Sateller.
277 2984 309 3026 Ge
324 2987 378 3047 'mot
397 2997 411 3027 a
431 2996 535 3040 presque
592 2998 638 3041 qne
653 2987 828 3032 l'erresefait.

100 3032 200 3095 lonpours,
222 3037 283 3080 dans
305 3038 410 3088 ciceron,
433 3041 453 3081 lc
480 3050 535 3082 sens
618 3041 637 3084 i.
651 3042 746 3083 Litteris
755 3042 859 3095 publicis.
880 3041 937 3082 Voir
950 3041 973 3082 la
991 3043 1045 3083 nole

100 3083 263 3139 plroralilde«
288 3092 403 3145 complice
416 3103 446 3136 en
471 3103 537 3136 sous·
591 3092 1046 3149 ldelapagelsslls'agitdesdocu·

101 3140 158 3185 ordre
172 3160 191 3184 ι.
595 3151 673 3191 ments
681 3147 781 3192 elficiels
792 3147 863 3190 ctdcs
874 3145 1044 3201 te'mcignnqes.

121 3194 138 3234 ·2.
160 3195 342 3262 Errpectsrlr'one.
367 3199 481 3243 L'altente
508 3201 539 3243 du
620 3205 641 3243 5.
652 3201 828 3270 Centuripinum.
842 3202 976 3254 Centuripu,
989 3200 1046 3244 ville

103 3255 198 3292 noureuu
226 3254 336 3304 preteur:
362 3253 386 3294 ln
408 3263 485 3296 venue
511 3254 539 3296 dc
594 3255 824 3298 voisincdelEtna.

101 3297 195 3364 listellus
209 3304 291 3349 laisait
309 3304 403 3359 esperer
417 3318 463 3350 nne
477 3307 539 3350 amc'-
620 3311 640 3350 6.
655 3309 801 3371 locupletem.
815 3308 891 3350 Riobe
904 3318 932 3350 cu
943 3305 1046 3361 proprie.-

103 3350 208 3398 lurancn.
595 3362 771 3405 tesicnciercs.
794 3362 830 3404 Cf.
851 3357 957 3409 Ciceron,
970 3360 1045 3403 Delie

75 3426 85 3457 p
122 3408 140 3447 3.
150 3408 337 3463 Quotpraetorum.
347 3413 366 3455 Il
376 3413 494 3456 faudrala
504 3425 540 3456 sa·
594 3415 695 3464 Pullion,
708 3416 779 3465 ll,1x,
791 3414 817 3458 16
830 3429 834 3454 :
855 3414 938 3456 Pecore
949 3419 970 3455 et
988 3415 1045 3456 loco-

104 3466 160 3504 mse
180 3462 207 3506 de
232 3464 356 3519 beaucoup
377 3466 406 3510 de
432 3467 539 3521 preteurs
595 3482 642 3509 rum
654 3469 830 3521 possessionibus
838 3468 952 3523 pecuniosi
962 3471 982 3509 ct
991 3468 1049 3508 locu-

104 3508 205 3559 minues
213 3526 275 3570 pour
286 3514 383 3571 reparer
394 3522 443 3563 toul
454 3521 475 3564 lo
491 3523 538 3564 mel
595 3522 670 3577 pieres
679 3523 828 3568 vocabuntur.
