2244 3848
179 163 194 187 a
210 154 241 195 ru
258 155 290 195 u.
311 155 464 198 nurci-mun
479 153 587 197 omino
602 152 766 194 nummum
783 153 859 194 urim
877 163 890 187 »
959 140 1018 197 503

59 288 221 364 elligiem¹
244 304 373 348 morum
398 307 545 362 suorum,
573 289 712 362 virtutis
732 290 932 358 constantiae,
954 291 1019 367 pie-

59 377 143 450 atis,
176 378 311 454 ingenii,
339 377 456 451 filium,
482 379 576 454 cujus
601 371 785 438 luetus'aut
810 379 870 438 hoe
896 379 1019 440 honore

59 471 179 540 vestre,
195 470 250 526 aul
262 466 354 526 nullo
371 468 492 527 solacio
512 468 611 527 levari
628 470 743 543 potest.

96 583 150 642 Vl.
176 584 224 641 13.
250 584 325 642 Mihi
344 589 452 644 autem
467 584 647 644 recordanti
664 584 731 643 Ser.
750 584 883 660 Sulpicii
900 583 1020 647 multos

59 673 91 732 in
108 676 221 731 nostra
239 673 456 733 familiaritate
478 690 658 746 sermones,
682 674 800 751 gratior
816 673 863 732 illi
882 674 1019 750 ridetur,

59 763 85 822 si
103 762 160 838 qui
177 765 227 821 est
242 764 382 822 sensus²
399 764 430 823 in
448 768 563 835 morte,
581 780 669 822 annea
683 765 790 821 statua
803 762 923 836 futura,
941 769 971 823 et
985 783 1023 824 ea

59 851 234 928 pedestris
257 869 355 928 quam
379 853 525 911 inaurata
541 853 711 928 equestria,
735 852 841 928 qualis
877 853 910 910 L.
927 853 1021 912 Sullae

58 941 206 1017 primum
231 944 351 999 statuta
379 945 438 1000 est.
458 942 589 1001 Mirifice
606 942 693 1001 enim
709 941 840 1000 Servius
860 942 1021 1018 majorum

59 1030 298 1090 continentiam
334 1030 499 1107 diligebat,
539 1030 640 1107 hujus
672 1031 781 1090 saeculi
814 1032 1022 1091 insolentiam

59 1119 277 1196 vituperabat.
293 1121 332 1178 Ut
351 1121 449 1196 igitur
470 1121 496 1178 si
514 1121 621 1197 ipsum
636 1119 818 1194 consulam,
833 1121 915 1196 ¹quid
932 1120 1019 1193 velit,

59 1207 324 1284 sic'pedestrem
352 1225 392 1267 en
419 1226 481 1268 aare
509 1213 661 1280 statuam,
698 1213 852 1285 tanquam
881 1226 919 1267 ex
951 1210 1044 1284 ejus,

59 1297 253 1357 auctoritate
277 1301 309 1357 et
328 1296 505 1371 voluntate,
528 1297 666 1356 decerno
679 1298 703 1369 3;
722 1315 792 1372 quae
810 1298 941 1374 quidem
956 1315 1023 1356 ma-

59 1404 164 1465 gnum
185 1387 307 1446 civium
326 1385 474 1446 dolorem
495 1390 527 1445 et
546 1385 745 1445 desiderium
764 1386 887 1446 honore
903 1403 1022 1445 monu-

59 1477 306 1536 mentiminuet
324 1481 354 1535 et
369 1477 478 1536 leniet.
1048 1492 1051 1498 ·

97 1637 250 1692 L'orateur
272 1638 399 1692 termine
427 1652 464 1692 en
484 1640 656 1708 presentant
680 1653 721 1692 uu
744 1637 841 1708 projet
865 1637 900 1692 de
923 1638 1023 1692 decret

60 1719 164 1790 redige'
186 1719 417 1775 conformdment
441 1718 457 1772 al
479 1719 506 1772 la
530 1718 714 1789 proposition
734 1719 773 1772 du
793 1718 895 1774 consul
916 1720 1020 1774 Pansa.

112 1945 231 2007 'sexte
256 1946 304 2002 du
333 1943 457 2014 projet
482 1946 526 2002 de
556 1943 683 2002 decret
713 1958 758 2000 en
785 1945 974 2002 l'honneur

415 2034 459 2090 de
480 2032 663 2098 Sulpicius
681 2034 706 2088 ⁴.

104 2215 169 2273 Vll.
194 2215 279 2285 Quas
296 2216 341 2272 oli.
353 2230 404 2272 res
422 2214 464 2271 ita
479 2229 596 2272 censeo
612 2229 618 2271 :
635 2235 650 2265 α
669 2212 748 2271 Cum
765 2212 831 2271 Ser.
847 2212 1020 2289 Sulpicius,

62 2306 98 2376 Q.
118 2306 164 2378 Β,
180 2302 358 2364 Lemonia5
381 2303 495 2373 Rufus,
515 2301 709 2361 difficillimo
725 2302 770 2361 rei
786 2300 924 2379 publicat
944 2308 1023 2365 tem-

62 2398 174 2471 porel,
189 2395 278 2471 gravi
294 2393 546 2470 periculosoque
573 2392 686 2451 morbo
710 2391 855 2466 allectus,
884 2395 1023 2454 auetori-

90 2573 109 2616 l.
118 2571 235 2626 la'stlpiem.
248 2574 328 2614 Tacita
340 2572 395 2615 s'est
406 2582 514 2615 scruvcuu

62 2625 92 2667 do
114 2637 140 2668 ec
161 2637 262 2680 passage
281 2626 406 2680 (alprlcnla.
429 2626 514 2676 narn:

65 2680 126 2720 Ut...
140 2680 278 2734 formantque
294 2692 320 2720 uc
330 2681 426 2734 fipuruaa
445 2679 516 2719 (tilioli

62 2733 135 2786 mupir
145 2746 210 2786 (sitam
218 2734 317 2785 emporia
329 2733 504 2786 complectantur
509 2745 517 2781 ,·

61 2797 106 2826 uon
121 2787 174 2839 puio
186 2786 365 2828 intercedentem
373 2791 449 2839 putem
465 2786 518 2826 iruu-

60 2839 152 2891 pindus
176 2852 222 2894 quae
235 2844 398 2881 marmoream
412 2852 454 2881 are
478 2840 518 2893 fin-

62 2897 157 2944 puntur3
173 2892 219 2942 sed,
232 2898 255 2933 ut
268 2894 339 2934 cultus
350 2893 470 2942 leomarum,
484 2894 518 2933 ita

61 2947 184 2987 aiuwlucru
193 2947 266 2987 arcitus
278 2947 386 2988 inidecillo
397 2959 422 2987 uc
435 2951 517 2987 mortu-

63 3000 96 3040 lio
110 3006 171 3048 sitiit,
178 3002 252 3055 sorum
263 3001 343 3042 tuentio
358 3004 441 3041 aternu
452 3013 516 3052 qiaeirm

64 3058 138 3095 tenere
149 3059 171 3096 et
181 3055 304 3107 caprinoue
315 3067 356 3094 uon
368 3065 411 3105 per
420 3054 518 3094 (alterium

64 3107 180 3147 attatei-ium
203 3112 225 3148 et
246 3112 325 3155 artem,
344 3106 383 3148 aaz
407 3109 451 3147 luis
473 3106 518 3158 ipse

63 3161 160 3201 erroribus
170 3162 256 3214 passu.

90 3213 112 3256 2.
129 3215 220 3255 Sensus.
240 3215 296 3256 Voir
312 3214 334 3254 lu
358 3212 435 3256 110l06
454 3213 481 3256 de
495 3214 519 3255 la

65 3279 87 3322 p.
102 3267 151 3310 297
182 3269 246 3310 Pour
259 3269 292 3310 los
314 3268 434 3310 doctrines
449 3268 517 3320 spiri-

65 3321 176 3364 tualistes
187 3321 214 3363 dc
225 3322 333 3371 Cicerou,
347 3322 398 3362 roir
408 3321 429 3362 la
440 3320 516 3364 notul

66 3375 94 3418 de
108 3375 131 3417 la
144 3387 168 3427 p.
187 3374 237 3420 298.

92 3431 113 3470 3.
128 3429 227 3470 Decerne
237 3430 297 3483 troii·
322 3428 346 3470 la
361 3430 416 3471 note
427 3427 441 3470 d
452 3427 481 3472 de
496 3427 521 3469 la

572 2582 593 2624 p.
606 2571 652 2621 et).
667 2572 699 2612 ici
711 2572 825 2614 termedo
838 2571 897 2626 stylo
907 2572 1021 2615 adimitis·

572 2624 639 2666 tratit
654 2639 658 2664 :
676 2622 789 2668 decretor,

598 2677 620 2722 l.
636 2679 665 2722 Ca
680 2681 742 2722 texte
758 2679 786 2722 de
801 2680 876 2734 projet
893 2680 921 2722 do
943 2679 1024 2724 decret

572 2743 585 2774 a
610 2743 656 2774 une
672 2731 761 2794 grande
782 2734 928 2787 importunae
949 2734 1023 2777 histo-

571 2786 640 2840 rique
656 2799 661 2825 :
676 2786 693 2828 il
709 2786 787 2829 donne
802 2798 831 2830 cn
845 2799 888 2830 son
906 2787 967 2842 style
981 2787 1022 2831 ad·

572 2839 843 2883 ministratifdesrcnsei
860 2839 1025 2896 nementsprd·

572 2893 641 2936 cieux
664 2905 705 2936 sur
720 2893 755 2937 les
769 2852 900 2937 tormaffiles
914 2896 955 2948 qui
967 2895 1023 2960 prd-

572 2945 682 2990 cedaient
698 2949 721 2989 et
742 2947 891 3001 preparaient
912 2947 945 2990 las
962 2960 1025 2992 erec·

573 3001 634 3043 lions
647 3000 675 3043 de
685 3003 773 3043 statues
787 3012 817 3042 au
832 3012 888 3044 nom
906 3001 934 3044 de
946 3004 968 3045 la
980 3002 1024 3046 Re-

572 3054 637 3108 publi
657 3066 697 3097 ue.

598 3065 754 3150 5.2em0›1u.
777 3108 896 3162 Sulpicius
920 3112 1026 3162 apparte-

572 3162 624 3203 nait
648 3161 661 3202 a
679 3162 702 3203 la
716 3163 779 3203 tribu
804 3163 882 3204 rurale
897 3163 1022 3207 Lemonia.

573 3215 635 3256 ainsi
652 3216 760 3257 nominee
773 3215 804 3256 du
815 3228 888 3268 popam
898 3216 1024 3265 Lcuwrtiua,

572 3269 651 3309 voisiu
662 3268 690 3310 de
704 3268 726 3309 la
738 3273 805 3320 porta
824 3269 924 3321 Capena,
939 3280 970 3310 au
987 3272 1026 3311 N.-

574 3321 732 3364 E.deRoruc.

600 3373 752 3470 6193'cmporc.
777 3375 834 3417 t'olr
847 3374 869 3417 lit
891 3387 914 3417 11.
934 3377 942 3417 'i
962 3375 992 3418 dc
1005 3376 1030 3417 la

575 3438 598 3480 p.
640 3443 663 3470 a.
