2250 3818
348 289 385 333 nu
408 296 422 325 κ
446 288 502 331 ruo
524 287 573 330 cu.
599 286 722 329 renuero
748 292 762 323 u
979 275 1038 333 425

60 442 139 486 rum
149 425 290 503 impium
304 425 426 484 ferrum
436 424 592 502 ignesque
602 421 774 498 pestiferos
786 440 878 483 meus
893 423 947 484 ille
959 442 1036 484 con-

60 516 219 581 sulatuse
234 515 383 575 manibus
394 516 580 584 extorserat,
592 511 646 589 qui
661 517 835 588 antequam
844 513 882 572 de
895 531 969 573 meo
981 514 1039 574 ad«

60 610 164 666 uentu
181 605 292 665 aridire
309 604 502 681 potuissent,
526 619 601 660 cum
617 614 727 660 tamen
742 602 894 662 abessent
914 602 1039 679 aliquot

60 695 195 755 ilerum
234 695 331 761 viam,
373 694 405 752 in
446 690 677 757 Macedoniam,
719 689 757 750 ad
801 691 1033 769 Planciumque

60 785 208 863 perrexi.
228 784 284 843 Hic
301 800 377 843 rero
394 781 491 840 simul
517 783 612 855 atque
629 797 716 839 mare
740 797 791 839 me
808 783 964 841 transisse
978 800 1034 842 co-

60 874 178 953 gnovit
191 907 230 935 -r
241 873 327 939 audi,
339 872 424 939 audi,
439 876 533 945 atque
546 869 685 938 attende,
702 870 894 941 Laterensis,
906 874 941 930 ul
952 873 1037 932 scias

60 962 143 1041 quid
155 980 216 1039 ego
227 962 356 1022 Plancio
370 962 515 1031 debeam,
526 959 764 1035 confiteareque
776 958 958 1036 aliquando,
970 979 1036 1027 me,

62 1052 156 1130 quod
172 1051 346 1123 inclamet
361 1054 460 1130 grate,
476 1054 507 1109 et
523 1049 574 1126 pie
591 1049 713 1120 lacere,
732 1049 808 1108 huic
824 1067 895 1126 quae
911 1068 969 1127 pro
987 1068 1039 1111 sa·

63 1146 135 1206 lute
148 1158 223 1200 mea
239 1141 360 1212 fecerit,
375 1140 524 1200 siminus
539 1137 708 1214 profutura
721 1139 796 1207 sint,
819 1139 934 1200 obesse
953 1146 1038 1201 certe

65 1249 136 1291 uou
148 1233 315 1307 oportere!
334 1233 414 1290 Nam
431 1228 527 1288 sinml
544 1244 645 1286 acme
659 1227 873 1305 Dyrrachium
889 1230 1034 1307 attigisse

65 1320 204 1391 audivit,
228 1321 336 1380 statim
349 1318 389 1378 ad
406 1336 469 1386 me,
492 1317 662 1376 lictoribus
679 1317 835 1385 dimissis
854 1318 1036 1395 insignibus

64 1409 217 1486 abjectis,
234 1413 322 1469 veste
336 1409 489 1478 mutata¹,
508 1405 671 1483 prolectas
688 1411 747 1466 est.

107 1516 200 1576 99.0
227 1518 377 1577 acerbam
399 1516 491 1584 milri,
506 1514 646 1592 judices
668 1515 863 1575 memoriam
880 1517 1038 1593 temporis

66 1605 174 1677 illius,
189 1610 220 1665 et
244 1606 317 1673 loci,
336 1615 411 1665 cum
427 1605 479 1664 bic
497 1606 595 1664 inme
614 1604 736 1676 incidit,
755 1622 829 1664 cum
846 1605 1037 1682 complexus

64 1700 129 1767 est,
149 1696 399 1772 conspersitque
421 1695 576 1766 lacrimis,
606 1712 665 1754 nec
695 1694 782 1771 loqui
811 1713 874 1772 prae
903 1713 1038 1756 maerore

66 1786 190 1863 potuit!
211 1785 320 1845 Orem
346 1803 421 1845 cum
436 1785 547 1844 auditu
564 1784 739 1857 crudelem,
766 1788 835 1842 tum
856 1785 928 1844 visu
951 1785 1038 1846 nela-

63 1875 170 1934 riaml
189 1874 213 1934 0
231 1874 376 1952 reliquos
397 1891 510 1933 omnes
529 1873 609 1942 dies,
633 1877 811 1950 noctesque
828 1891 894 1947 eas,
918 1874 1038 1951 quibus

63 1964 127 2024 iste
141 1981 160 2022 a
176 1980 229 2023 me
245 1981 309 2022 non
325 1964 480 2024 recedens
496 1963 779 2023 Thessalonicam2
795 1982 858 2035 me,
882 1965 914 2023 in
932 1983 1039 2041 quaes·

65 2051 273 2129 torinmque8
288 2053 450 2131 perduxit!
465 2053 521 2112 Hic
532 2070 592 2129 ego
608 2070 694 2112 nunc
711 2052 749 2113 de
763 2052 920 2129 praetore*
937 2055 1039 2114 Mace-

69 2141 178 2203 doniae
194 2143 272 2202 nibil
289 2144 394 2203 dicam
416 2143 566 2219 amplius,
593 2143 667 2214 nisi,
686 2159 761 2201 eum
778 2148 809 2201 et
831 2143 934 2201 civem
955 2147 1037 2220 opti.

68 2250 163 2291 mum
192 2249 330 2310 semper,
359 2233 494 2292 etmihi
519 2233 662 2291 aurinum
692 2231 805 2302 fuisse,
842 2231 898 2292 sed
924 2232 1037 2292 eadem

70 2321 223 2380 timuisse
237 2340 309 2398 quen
319 2335 462 2395 ceteros3
473 2321 526 2380 Cn.
542 2321 710 2381 Plancium
723 2320 946 2389 suisseunum,
959 2339 1036 2396 non,

70 2410 127 2487 qui
142 2411 251 2469 minus
266 2412 407 2483 timeret,
426 2409 494 2479 sed,
517 2411 544 2469 si
569 2410 753 2469 acciderent
777 2428 825 2480 ea,
850 2429 921 2488 qum
943 2401 1046 2471 time-'

69 2505 194 2568 rentur,
212 2518 341 2560 inecum
360 2518 397 2560 ea
421 2500 529 2559 subire
557 2505 589 2558 et.
613 2500 738 2577 perpeti
756 2500 864 2560 vellet.
891 2503 959 2560 roo.
978 2502 1037 2573 Qui

67 2606 145 2649 cum
163 2590 201 2649 ad
217 2606 268 2650 me
281 2592 320 2670 gli.
337 2590 461 2649 Tubero
478 2587 500 2661 ⁵,
520 2606 613 2648 iueus
635 2591 850 2662 necessarius,
873 2592 928 2668 qui
949 2591 1037 2658 fratri

70 2695 147 2738 meo
162 2678 287 2755 legatus
304 2678 430 2744 suisset,
449 2677 610 2737 decedens
627 2679 637 2711 ⁶
655 2696 693 2737 ex
707 2679 782 2738 Asia
801 2680 954 2745 venisset,
970 2697 1038 2739 eas-

67 2784 129 2845 que
144 2767 290 2833 insidias,
306 2785 387 2845 quas
404 2767 483 2826 mibi
501 2771 628 2843 paratas
646 2769 685 2827 ab
699 2768 866 2828 exsulibus
885 2769 1037 2844 conjura-

77 2902 116 2944 ·l.
137 2899 201 2941 l'eate
217 2905 312 2942 itionum.
330 2901 389 2942 l'oir
405 2899 428 2941 la
446 2900 523 2942 noted
581 2898 732 2948 blacedoine,
751 2901 776 2942 Ii.
789 2902 904 2954 Aputeius
927 2902 1038 2943 Saturni·

72 2953 99 2996 de
110 2954 133 2996 la
143 2963 164 3007 p.
178 2952 225 2997 385.
241 2955 259 2997 Il
277 2953 350 3006 prend
373 2953 394 2995 le
407 2953 479 3002 deuii,
492 2965 526 2995 rn-
582 2964 636 3001 uus,
645 2953 1037 3007 origiuaired'lltina,rillei·oisi11e

71 3016 146 3050 uonce
157 3005 217 3049 asos
230 3006 357 3056 licuiurs,a
368 3017 406 3049 ses
418 3007 525 3061 insigues
582 3006 732 3059 d'Arpinum,
740 3009 787 3049 ami
799 3008 879 3051 timide
889 3007 917 3050 de
927 3004 1036 3050 Cic-iren.

72 3058 236 3115 dequesteur.
608 3060 628 3102 5.
640 3060 665 3100 L.
688 3060 766 3100 ⁴‘Elius
783 3061 874 3105 Tubero.
891 3062 939 3103 ami
957 3063 980 3103 et
998 3072 1037 3114 pa-

97 3112 118 3157 2.
128 3112 316 3155 Thessalonicam.
328 3112 525 3166 Thessalonique,
583 3115 635 3155 rent
647 3124 689 3166 par
701 3114 803 3157 ailianae
830 3114 857 3157 de
869 3112 979 3163 Ciceron,
996 3115 1036 3168 qui

76 3177 114 3208 sur
127 3167 149 3209 le
164 3168 227 3221 galle
239 3168 408 3220 Tbermaique,
423 3167 527 3219 capitale
582 3168 653 3209 vante
679 3170 780 3210 souvent
803 3179 846 3210 son
871 3167 991 3210 caractere
1015 3171 1038 3210 et

76 3219 136 3263 dela
151 3222 264 3274 province
279 3221 387 3263 romaine
407 3220 434 3263 de
450 3217 528 3263 Mace-
584 3231 626 3262 son
644 3220 717 3262 talant
740 3219 887 3269 d'nistorieu,
902 3222 967 3263 avait
987 3217 1033 3270 etti,

79 3271 154 3316 doiue.
585 3271 657 3320 cn60,
672 3273 692 3315 le
717 3272 780 3327 le'gat
796 3272 824 3316 de
842 3275 869 3324 Q,
889 3274 980 3321 Cicero,
1007 3285 1037 3317 en

101 3326 124 3369 3,
150 3325 294 3379 Orrrslorirqu
317 3327 473 3378 (tentorium),
497 3327 530 3369 La
586 3326 647 3368 asie.
657 3326 716 3369 C'csl
728 3327 749 3369 le
761 3327 798 3370 fils
811 3326 838 3370 dc
850 3329 952 3373 Tubero,
964 3328 1037 3376 Quiu-

81 3378 202 3423 recideuce
226 3378 258 3422 du
276 3384 398 3434 questeur,
428 3391 529 3427 comme,
585 3383 631 3431 tuS,
644 3380 684 3433 qui
697 3390 750 3422 sera
763 3381 919 3424 l'aeeusateur
929 3380 957 3424 de
969 3381 1036 3433 ligu-

81 3430 138 3475 dnns
160 3432 194 3475 les
218 3431 331 3475 Verrines.
346 3434 483 3486 pratariam,
508 3435 531 3476 la
585 3434 644 3475 rius.
659 3433 916 3486 t'oirleltutiqurto.

81 3482 240 3530 rtsidencedu
251 3484 390 3541 proprium
403 3486 496 3529 t'errds.
611 3484 632 3529 6.
649 3485 770 3529 Decedeua
799 3489 855 3530 t'otr
880 3488 905 3530 la
920 3487 1042 3531 notes-ue.

104 3539 252 3597 tal’raetcre,
284 3540 317 3583 Le
336 3536 477 3595 proprdteur
502 3539 531 3586 de
586 3541 644 3596 lan.
659 3538 712 3586 lab.

873 3630 931 3685 ¹212«.
