2244 3848
96 237 156 296 510
437 249 489 292 aas
512 247 716 298 rnrurrrouns

97 387 269 466 Byllidem:
286 390 374 446 tenet
388 384 589 455 Amantiam3
610 384 708 444 instat
736 385 851 462 Epiro;
874 390 963 465 urget
982 382 1033 445 Ori·
1077 362 1081 387 ¹

96 495 190 541 curu:
207 477 302 536 habel
318 476 441 552 aliquot
453 475 615 547 cohortes,
632 473 732 532 habet
756 475 948 552 equitatum.
972 475 1035 534 llinc

96 567 122 626 si
139 567 256 625 Brutus
272 565 331 625 erit
359 564 526 624 traductus
556 562 595 622 ad
624 563 713 622 aliud
734 565 872 642 bellum,
903 564 1036 625 Graeciam

95 662 180 714 certe
218 655 436 714 amiserimus.
471 654 525 712 Est
553 657 661 713 autem
691 653 788 713 etiam
817 654 857 715 de
885 653 1036 714 Brundisio

95 750 190 821 atque
204 744 259 803 illa
273 761 329 803 ora
344 744 442 803 ltalia*
459 741 705 818 providendum.
735 743 930 820 Quanquam
955 744 1038 803 miror

94 834 232 895 tamdiu
247 833 367 893 morari
383 831 569 891 Antonium.
587 831 674 891 Solet
695 833 784 891 enim
809 834 956 912 accipere
983 835 1037 910 ipse

95 924 238 983 manicas
253 924 274 997 ¹,
292 940 352 982 nee
376 922 498 982 diutius
524 920 705 981 obsidionis
728 928 855 981 metum
882 923 1037 983 sustinere.

94 1012 184 1084 Quod
201 1013 228 1072 si
243 1012 421 1071 confecerit
435 1012 562 1083 Brutus,
586 1014 617 1069 et.
636 1011 843 1086 intellexerit,
861 1013 936 1091 plus
955 1030 987 1073 se
1003 1010 1038 1071 rei

94 1102 232 1179 publicae
273 1101 492 1177 profuturum,
530 1100 558 1158 si
598 1100 798 1160 Dolabellam
826 1103 1038 1180 persequatur,

94 1191 233 1266 quamsi
257 1191 289 1249 in
308 1190 431 1249 Gunela
458 1195 599 1262 tumeat,
632 1194 705 1264 aget
735 1191 804 1268 ipse
833 1209 893 1268 per
919 1209 999 1266 sese,
1014 1194 1040 1250 ut

92 1280 197 1339 adbuc
213 1297 343 1356 quoque
360 1280 446 1352 tecit,
470 1296 576 1356 neque
597 1279 631 1338 in
654 1283 702 1339 tot
728 1280 904 1350 incendiis
936 1282 1039 1359 quibus

92 1369 266 1430 confestim
292 1367 548 1429 succurrendum
571 1373 630 1440 est,
659 1371 861 1445 exspectabit
889 1375 1037 1431 senatum.

94 1460 143 1516 ⁶27.
159 1460 238 1517 Nam
252 1465 280 1518 el
298 1460 467 1531 Br11tuS‚et
480 1458 609 1517 Cassius
622 1458 814 1535 multisJam
829 1460 863 1519 iu
875 1461 1039 1537 rebusipse

93 1548 154 1607 sibi
172 1554 303 1608 senatus
318 1551 328 1582 ²¹
344 1549 416 1607 fuit.
429 1551 565 1608 Necesse
581 1552 631 1607 est
647 1548 745 1621 enim,
763 1549 795 1607 in
812 1554 905 1610 tanta
920 1567 1039 1611 conver-

91 1637 182 1696 sione
210 1643 241 1697 et
269 1638 510 1714 perturbatione
522 1639 671 1696 omnium
694 1654 816 1705 rerum,
847 1640 1038 1717 temporibus

91 1726 200 1804 potius
225 1745 349 1804 parere,
377 1744 474 1805 quam
497 1726 654 1786 moribus.
679 1728 745 1786 lieo
766 1729 857 1787 enim
877 1747 964 1790 nune
984 1729 1039 1807 pri-

91 1833 181 1876 mum
202 1822 256 1876 aut
274 1817 403 1890 Brutus,
421 1821 475 1876 aut
489 1816 619 1876 Cassius
638 1818 777 1876 salutem
803 1817 1039 1895 libertatemque

90 1907 200 1982 patriae
217 1907 322 1982 legem
339 1907 577 1966 sanctissimam
595 1909 626 1965 et
645 1922 770 1964 morem
788 1908 952 1984 optimum
965 1907 1039 1984 judi·

89 1995 183 2054 cavit.
200 1995 310 2071 ltaque
337 1997 363 2054 si
382 1996 420 2055 ad
439 2012 499 2055 nos
525 1994 606 2054 nibil
628 1995 804 2054 referretur
825 1996 865 2056 de
888 1997 1040 2057 Dolabella

88 2084 327 2163 persequendo,
345 2088 454 2145 tamen
479 2102 538 2162 ego
558 2102 615 2162 pro
641 2085 770 2143 decreto
793 2089 963 2161 putarem·
974 2103 1039 2146 cum

89 2178 199 2234 essent
229 2172 309 2233 tales
343 2175 471 2246 virtute,
498 2174 700 2240 auctoritate,
728 2174 899 2234 nobilitate
928 2175 1039 2235 summi

88 2264 160 2337 viri,
183 2282 322 2340 quorum
348 2263 480 2323 alterius
502 2263 570 2340 jam
586 2260 701 2323 notus³
717 2264 813 2323 nobis
825 2270 915 2325 esset
929 2264 1039 2326 exerci-

89 2357 153 2425 tus
171 2353 304 2413 alterius
321 2354 461 2413 auditus

127 2467 193 2528 llll.
219 2471 301 2529 Num
318 2470 416 2546 igitur
434 2471 550 2529 Brutus
562 2470 762 2547 exspectavit
777 2470 910 2531 decreta
924 2477 1037 2544 nostra,

86 2559 280 2618 cuiusludia
290 2558 942 2636 nosset.Nequeenimestiuprovinciam
954 2577 1039 2625 suam

86 2647 213 2707 Cretam
227 2648 406 2725 prolectus;
425 2649 458 2707 in
470 2648 688 2708 Macedoniam
705 2648 845 2709 alienam
861 2651 1037 2720 advolarit3

86 2738 195 2796 omnia
211 2755 269 2796 sua
285 2740 418 2814 putavit,
436 2756 506 2814 quae
526 2756 584 2798 vos
597 2743 702 2797 vestra
716 2756 787 2798 esse
805 2740 929 2812 velitis3
945 2741 1039 2818 legio·

85 2845 142 2887 nes
165 2828 361 2904 conscripsit
379 2846 492 2902 novas
509 2829 634 2906 excepit
653 2833 790 2904 veteres
808 2830 989 2906 equitatum
1005 2828 1038 2890 ad

84 2989 147 3030 aruit
165 3000 210 3030 une
224 2988 312 3040 grando
329 2991 475 3042 importauce
495 2991 538 3031 mi-
619 2989 641 3033 Ξ.
656 2992 763 3031 Servatus.
778 2991 814 3031 En
827 2990 882 3033 bien
894 2992 1039 3035 descircons-

84 3041 173 3083 litaire.
193 3044 249 3084 l’oir
262 3053 320 3096 page
331 3042 367 3086 71.
379 3066 403 3073 -
419 3042 537 3094 llpltideoi.
594 3046 682 3087 taneos.
695 3044 792 3086 Cassius
809 3045 832 3086 et
848 3046 940 3088 Brutus
957 3049 996 3088 ont
1008 3043 1038 3089 e'tc

84 3095 144 3137 Ville
154 3095 269 3149 d'lllyric.
283 3117 309 3127 -
319 3097 459 3138 laudationi.
478 3096 538 3139 title
593 3097 644 3139 leur
659 3098 730 3140 senet
750 3097 762 3139 'a
783 3100 945 3149 eux-memes;
960 3100 987 3142 ils
1003 3102 1039 3142 ont

83 3148 110 3191 de
129 3149 250 3191 l'Orestide
261 3160 290 3191 en
298 3151 379 3203 Epire.
394 3171 420 3182 -
435 3150 533 3192 (ariciam.
593 3152 642 3204 pris
656 3151 791 3194 l'initiatixe
812 3151 853 3195 des
872 3164 980 3196 mesures
1000 3153 1039 3195 ne-

82 3202 145 3244 l'ille
167 3204 284 3245 maritime
299 3203 400 3256 d'Epire.
421 3204 452 3246 Le
474 3205 533 3248 texte
592 3207 706 3248 cessatres
722 3215 778 3246 sans
795 3206 904 3251 attendre
918 3219 950 3249 un
964 3205 1037 3250 de'crct

81 3256 189 3309 vulgaire
200 3268 213 3297 a
223 3256 234 3295 I
236 3257 344 3307 ilyricum.
587 3257 618 3299 du
630 3259 708 3301 Sonat.

109 3310 130 3350 t.
145 3308 259 3349 ,tlrioicux
283 3311 326 3351 Les
346 3310 447 3363 loupuos
463 3322 531 3353 inan·
615 3312 636 3355 3.
655 3313 738 3354 rl'olus.
750 3312 782 3354 Le
793 3312 867 3357 senat
877 3316 976 3357 connatt
987 3315 1036 3357 l'ar-

81 3362 136 3404 elles
147 3373 193 3416 que
206 3363 227 3404 le
242 3364 360 3406 vetement
375 3363 488 3407 militaire
503 3376 532 3408 ne
587 3368 638 3410 mee
654 3366 682 3409 de
703 3367 792 3408 Brutus
813 3368 854 3421 qui
879 3372 915 3412 est
934 3368 988 3422 pres
1011 3368 1036 3410 de

80 3419 201 3468 comporto
224 3426 266 3467 pas
281 3419 304 3458 et
323 3427 369 3470 que
389 3417 435 3459 l’on
457 3420 531 3471 prend
587 3419 683 3465 l'ltalie;
695 3419 736 3462 des
749 3423 860 3473 rapports
871 3421 907 3464 lui
921 3424 1035 3475 sontpar-

80 3476 140 3518 pour
154 3479 186 3509 un
196 3480 254 3520 vora
273 3480 296 3510 e:
309 3487 318 3505 a
332 3471 433 3513 Autoine
444 3482 468 3513 se
479 3473 531 3515 bate
578 3485 661 3525 ,venus
683 3471 803 3525 (auditus)
823 3485 864 3516 sur
891 3475 988 3519 l'armee
1010 3473 1035 3517 de

76 3519 173 3565 deteire
179 3530 216 3564 ses
220 3481 367 3578 pregparatits
378 3523 406 3568 de
418 3524 531 3582 deporta
585 3528 682 3570 Cassius
693 3527 734 3582 qui
744 3529 780 3570 est
792 3537 822 3571 en
837 3529 916 3585 Syrie.
981 3528 990 3543 “
