2244 3848
260 169 286 230 ι’
303 194 318 224 «
336 189 422 233 acrio
442 189 579 238 sucurre
600 188 631 230 ru
652 188 679 230 a.
704 186 826 230 vanarn
843 195 857 224 »
985 172 1041 229 2⁹21

81 321 274 398 quemlibet,
301 325 512 403 supplicium,
543 323 629 402 quod
653 323 743 397 velit,
765 323 798 382 in
822 340 897 382 eum
925 322 1045 383 consti-

78 416 185 484 tuere,
209 411 266 490 qui
287 430 321 473 se
343 415 449 476 civem
464 416 646 475 Romanum
660 429 732 472 esse
754 413 849 485 dicat,
867 412 953 489 quod
969 430 1044 472 eum

79 500 139 576 qui
162 500 205 559 sit
227 500 384 578 ignoret:
405 505 474 582 jam
496 520 611 563 omnes
628 502 823 581 provincias
845 501 913 578 jam
933 502 1044 562 omnia

78 606 191 666 regna,
199 590 267 667 jam
279 609 393 654 omnes
405 594 523 653 liberas
535 593 693 666 civitates,
707 593 775 669 jam
786 609 917 651 omnem
929 592 1042 652 orbem

76 684 254 754 terrarum,
287 683 342 758 qui
374 699 504 759 semper
535 682 655 742 nostris
685 682 873 741 hominibus
902 681 1042 742 maxime

78 769 197 846 patuit,
216 769 343 831 civibus
359 772 513 832 Romanis
533 773 595 832 ista
614 771 805 832 defensione
826 771 1040 849 praeluseris.

78 856 186 928 Quid?
202 859 229 916 si
249 860 283 918 L.
305 860 461 935 Raecium,
476 862 620 939 equitem
641 861 834 925 Romanum,
857 859 994 935 quitum
1010 860 1042 918 in

78 946 194 1007 Sicilia
207 949 442 1025 negotiabatur,
459 951 659 1021 nominabat,
676 951 816 1010 etiamne
838 949 868 1009 id
887 966 1041 1025 magnum

79 1035 145 1094 luit
178 1037 398 1099 Panhormum
417 1040 542 1102 litteras
573 1040 724 1100 mittere?
756 1056 959 1099 asservasses
986 1037 1043 1096 ho-

78 1124 208 1185 minem
234 1127 390 1188 custodiis
421 1131 683 1190 Mamertinorum
714 1135 855 1200 tuorum,
884 1130 1041 1200 vinctum,

79 1213 230 1274 clausum
244 1216 428 1292 habuisses
441 1218 520 1278 dum
541 1220 723 1297 Panhormo
750 1219 876 1277 Raecius
903 1219 1041 1287 veniret3

78 1311 295 1380 cognosceret
319 1307 499 1380 hominem,
526 1308 647 1386 aliquid
671 1308 710 1368 de
735 1323 866 1366 summo
882 1305 1041 1382 supplicio

79 1394 290 1456 remitteres:
316 1397 343 1456 si
366 1398 538 1475 ignoraret,
564 1403 646 1468 tum,
669 1397 695 1455 si
721 1398 765 1456 ita
786 1396 843 1455 tibi
866 1395 1041 1463 videretur,

78 1483 145 1543 hoc
160 1483 246 1560 juris
266 1485 299 1544 in
320 1502 434 1547 omnes
458 1488 685 1559 constitueres
707 1491 753 1559 ut,
774 1485 828 1562 qui
853 1502 958 1562 neque
984 1484 1040 1542 tibi

78 1578 181 1631 notus
205 1577 302 1649 esset,
327 1593 433 1653 neque
460 1576 661 1654 cognitorem
690 1573 906 1651 locupletem¹
938 1574 1038 1639 daret,

79 1660 232 1738 quamvis
254 1664 334 1724 civis
353 1666 517 1725 Romanus
537 1670 634 1738 esset,
657 1665 690 1724 in
710 1680 840 1725 crucem
862 1663 1038 1723 tolleretur.

121 1777 225 1837 LXVI.
247 1780 316 1840 toa.
339 1780 399 1840 Sed
413 1781 491 1858 quid
508 1798 568 1858 ego
586 1781 678 1860 plura
698 1780 736 1841 de
752 1780 871 1840 Gavio?
891 1781 983 1857 quasi
1007 1786 1039 1838 tu

78 1865 181 1926 Gavio
195 1869 265 1925 tum
283 1866 384 1929 fueris
400 1865 549 1942 i‘nicstuS,
568 1887 603 1929 ac
616 1887 682 1929 non
697 1870 960 1947 nominigeneri,
974 1869 1039 1945 juri

78 1952 202 2013 civium
219 1954 347 2017 hostis:
369 1974 436 2018 non
453 1957 513 2032 illi,
535 1958 678 2035 inquam,
700 1958 836 2031 homini,
859 1958 915 2017 sed
935 1975 1040 2017 causa·

78 2044 250 2104 communi
274 2046 432 2107 libertatis
454 2047 607 2108 inimicus
630 2046 731 2107 luisti.
754 2046 835 2117 Quid
859 2047 946 2104 enim
965 2046 1041 2103 atli-

78 2131 164 2208 nuit,
181 2149 258 2192 cum
276 2136 467 2206 Mamertini,
486 2153 576 2196 more
600 2141 694 2213 atque
716 2137 862 2195 instituto
883 2153 953 2208 suo,
971 2151 1041 2193 cru-

72 2230 152 2282 'c'em
167 2223 316 2284 fixissent
330 2232 404 2302 post
418 2228 544 2301 urbem,
562 2227 595 2285 in
608 2227 659 2285 ria
679 2225 863 2302 Pompeia2,
885 2230 915 2284 te
926 2224 1040 2301 jubere

77 2311 112 2368 in
132 2327 170 2371 ea
189 2316 280 2388 parte
301 2314 412 2391 figere,
437 2332 507 2392 quae
528 2315 567 2374 ad
587 2315 707 2374 fretum
728 2319 899 2392 spectaret,
923 2317 954 2372 et
978 2313 1040 2372 hoo

77 2398 209 2474 addere,
236 2403 322 2478 quod
343 2421 462 2481 negare
486 2404 577 2464 nullo
605 2404 702 2464 modo
725 2408 828 2480 potes,
848 2403 946 2481 quod,
969 2420 1039 2461 om-

77 2489 176 2550 nibus
204 2492 424 2570 audientibus,
452 2494 562 2555 dixisti
592 2495 708 2572 palam,
735 2498 765 2553 te
794 2494 915 2553 idcireo
945 2492 1038 2550 illum

50 2606 57 2617 ·
78 2577 189 2638 locum
206 2580 357 2658 deligere,
375 2586 411 2642 ut
429 2583 493 2655 ille,
511 2582 664 2659 quoniam
681 2599 715 2641 se
732 2583 836 2641 civem
856 2582 1039 2639 Romanum

79 2682 153 2728 esse
175 2667 308 2744 diceret,
336 2688 374 2731 ex
401 2689 497 2732 cruce
525 2673 647 2732 ltaliam
675 2689 817 2744 cernere,
846 2687 882 2729 ac
905 2669 1038 2728 domum

78 2774 175 2817 suam
202 2760 388 2837 prospicere
410 2761 541 2839 posset?
565 2762 674 2836 ltaque
699 2761 753 2820 illa
777 2777 855 2821 crux
885 2759 963 2831 sola,
989 2757 1038 2833 ju-

78 2845 180 2921 dices,
197 2852 272 2926 post
291 2850 456 2910 conditam
481 2852 659 2910 Messanam
677 2849 731 2908 illo
750 2850 783 2908 in
806 2850 877 2908 loco
901 2846 964 2905 fixa
979 2850 1038 2904 est.

77 2937 178 2997 ltaliae
194 2944 388 3016 conspectus
407 2941 446 3000 ad
465 2958 536 3000 eam
549 2957 618 3000 rem
635 2940 673 2999 ab
691 2939 753 2999 isto
769 2938 912 2997 delectus
930 2940 990 3010 est,
1007 2939 1042 2993 ut

106 3098 133 3138 i.
162 3096 307 3150 capartorem
338 3097 476 3152 locupletem.
498 3099 537 3141 L'n
593 3095 838 3146 rrirrr5Dellirin.,ll,
855 3096 1044 3148 crrrr,ltilzl’p-

83 3147 218 3203 rependant
233 3151 305 3205 digne
322 3151 535 3204 deioi.Locuplea,
593 3151 702 3202 tlurporoo
724 3154 745 3189 et
775 3148 850 3198 Pluto,
876 3149 1043 3200 locupletissimi

82 3203 151 3246 riche
160 3213 190 3246 en
201 3203 333 3258 proprietas
348 3204 465 3248 ionrieres
475 3205 536 3258 (voir-
593 3208 703 3244 (irrorares.

82 3255 105 3298 la
116 3259 173 3299 note
190 3256 243 3300 6de
259 3258 350 3312 lapago
367 3260 423 3319 185),
435 3257 535 3311 signino,
619 3259 639 3297 -2,
659 3256 699 3297 t'ta
721 3255 836 3307 Pompeio.
859 3256 1042 3298 Probablement

81 3320 126 3364 par
143 3310 214 3359 suite,
234 3311 297 3353 celui
315 3312 356 3365 qui
372 3315 481 3366 presente
495 3312 535 3354 des
590 3322 636 3352 une
660 3313 726 3354 route
744 3309 850 3351 romaine
865 3310 995 3351 construite
1013 3320 1041 3350 en

81 3362 217 3417 garanties,
234 3374 327 3408 comme
348 3376 381 3408 un
396 3366 461 3407 riche
481 3376 534 3418 pro·
590 3365 624 3412 82,
634 3364 714 3415 ‹ruand
727 3361 919 3416 rompeelaisait
929 3374 958 3406 en
970 3362 1041 3405 Sirile

79 3416 204 3513 prietaire.
226 3417 261 3461 Gi.
283 3417 389 3467 ciceron,
407 3419 439 3459 De
461 3418 535 3473 offic,
591 3417 614 3458 la
624 3429 709 3470 guerre
720 3419 801 3460 contre
818 3417 840 3461 le
858 3418 941 3460 consul
957 3418 1040 3462 Carbo,

93 3471 127 3513 lt.
142 3472 206 3519 n,10
217 3476 222 3510 t
238 3470 309 3512 Tertia
332 3471 428 3526 locuples
444 3471 535 3512 I’oeido-
590 3471 698 3529 collegae
707 3473 736 3517 de
747 3472 848 3514 Marius.
